2682 3982
193 237 259 303 310
577 239 783 290 ·-Γ-

154 402 401 485 Ἱκαταίσχυυε.
446 393 538 466 ταῦτ’
565 394 669 464 εἰπὼν
698 393 759 463 ούκ
787 393 951 482 ἐφύλαξεν
979 396 1017 462 ἐν
1043 397 1089 486 τῷ
1113 412 1208 482 μισο-
1322 417 1323 480 η

193 505 331 596 πονήρφ
349 503 387 573 τδ
407 505 553 593 μέτριον,
572 501 646 572 ἀλλ’
668 500 713 583 ὡς
732 499 819 590 εἶχεν
838 499 941 590 όργής
960 499 1047 570 ὠθεῖ
1063 499 1120 569 διὰ
1137 505 1207 570 τῶν

192 598 348 698 πλευρῶν
370 610 474 699 αύτής
496 609 533 680 τὸ
557 613 664 698 ξίφος,
687 608 885 690 ἀποκτείνας
908 609 946 678 δὲ
968 607 1030 697 τήν
1053 606 1206 696 ἀδελφήν

192 721 304 805 παρῆν
328 715 373 798 ὡς
394 715 455 802 τὸν
476 718 610 806 πατέρα.
656 714 744 786 οὕτω
768 715 806 784 δέ
828 713 895 805 ἄρα
917 714 1129 805 μισοπόνηρα
1151 717 1207 784 καὶ

167 822 332 911 ιαύθόδη
353 823 394 893 τδι
412 827 481 892 τῶν
499 823 572 892 τότε
590 820 765 910 Ῥωμαίων
781 821 851 910 ήθη
870 822 925 890 καὶ
945 821 1144 911 φρονήματα
1162 815 1206 909 ήν

191 937 259 1016 καί,
282 941 317 1001 εί
334 958 385 1011 τις
408 928 492 1000 αύτδι
509 929 668 1017 βούλοιτο
686 927 777 1018 παρὰ
798 927 839 997 τδι
862 932 928 997 νῦν
947 933 1029 1015 ἔργα
1046 929 1103 997 καὶ
1124 928 1266 1010 τούς465

193 1037 247 1126 ἐφ’
272 1037 369 1127 ήμῶν
397 1037 557 1121 ἐξετάζειν
585 1040 698 1123 βίους,
726 1033 799 1123 ύμδι
826 1036 882 1104 καὶ
909 1034 1038 1124 σκληρὰ
1063 1038 1119 1105 καὶ
1149 1041 1208 1124 τῆς

191 1145 389 1232 θηριώδους
420 1142 462 1212 ού
493 1142 589 1241 πολὺΙ
611 1143 777 1231 ἀπέχοντα
805 1141 953 1231 φύσεως,
982 1142 1065 1212 ὥστε
1097 1143 1208 1224 πόθος

193 1253 281 1321 οὕτω
310 1249 426 1320 δεινὸν
455 1249 473 1320 δ
501 1249 609 1341 πατήρ
637 1249 786 1332 ιἰκούσας
813 1249 875 1338 ούχ
902 1248 994 1331 ὅπως
1020 1249 1207 1338 ήγανόιιτη·

153 1383 179 1424 ιο
193 1378 268 1445 σεν,
296 1356 381 1428 ύλλδι
408 1363 516 1440 καλῶς
542 1360 598 1428 καὶ
625 1358 863 1446 προσηκόντως
889 1355 1034 1445 ὑπέλαβε
1063 1357 1100 1427 τὸ
1124 1382 1207 1446 πρα-

154 1464 174 1530 8
193 1464 278 1553 χθέν
303 1471 405 1552 ἐχειν·
435 1463 473 1546 ὅς
495 1491 533 1552 γε
556 1463 632 1534 οὔτε
656 1471 703 1546 είς
728 1464 792 1553 τήν
815 1469 926 1536 οἰκίαν
949 1473 1061 1533 εῖασεν
1085 1468 1207 1532 εἰσενε-

192 1575 320 1660 χθήναι
337 1570 398 1640 τὸν
416 1570 539 1660 νεκρὸν
557 1577 616 1660 τῆς
629 1570 800 1660 θυγατρὸς
815 1569 884 1640 οὔτ’
902 1573 939 1640 έν
957 1585 1028 1652 τοῖς
1040 1569 1208 1664 πατρηόοις

192 1681 334 1766 τεθῆναι
362 1678 534 1768 μνήμασιν
561 1680 739 1767 ἐπέτρεψεν
768 1677 845 1748 οὔτε
871 1681 1007 1765 κηδείας
1033 1679 1089 1745 καὶ
1116 1701 1207 1764 περι-

193 1789 313 1872 στολῆς
339 1787 395 1854 καλ
422 1790 490 1854 τῶν
517 1783 630 1854 ἄλλων
658 1790 812 1873 νομίμων
838 1790 1051 1872 μεταλαβεῖν,
1074 1781 1147 1852 ἀλλ’
1174 1786 1210 1852 οί

152 1915 178 1957 ιι
192 1891 371 1980 παριόντες
398 1889 503 1979 αὐτὴν
532 1894 736 1980 ἐρριμμένην
764 1894 801 1960 ἐν
828 1883 857 1984 ηδ
883 1890 1067 1980 διεχρήσθη
1095 1894 1206 1981 χωρίῳ
1327 1881 1328 1886 ¹

192 2002 314 2080 λίθους
343 1990 596 2088 ἐπιφοροῦντες
616 2001 671 2068 καὶ
700 2003 765 2087 γῆν
798 1999 984 2086 ἐκήδευσαν
1017 1996 1062 2078 ὡς
1090 2000 1208 2084 πταῖμα
1328 2007 1329 2020 ³

153 2103 319 2194 9ἐρημον
341 2108 549 2195 κηδομένων.
594 2104 698 2174 ταῦτά
722 2131 758 2174 τε
787 2103 829 2192 δὴ
853 2103 975 2194 στερρδι
997 2109 1058 2174 τοῦ
1080 2101 1208 2191 ἀνδρὸς
1328 2181 1329 2188 ¹

138 2289 147 2300 ,Ἴ
192 2214 248 2282 κἰδ
281 2219 329 2282 ἐτι
360 2212 444 2303 πρὸς
471 2212 618 2298 τούτοις,
650 2207 672 2279 δ
701 2215 809 2300 μέλλω
837 2215 961 2299 λέγειν·
994 2209 1039 2292 ὡς
1064 2209 1128 2300 γδιρ
1153 2211 1207 2279 ἐπὶ
1328 2225 1329 2240 ²

141 2305 307 2400 *καλοῖς
328 2346 363 2388 τε
390 2320 446 2388 καὶ
474 2318 648 2408 εὐτυχέσιν
673 2323 784 2408 ἔργοις
810 2316 1008 2408 αὐθημερὸν
1032 2323 1114 2386 ἔθυε
1136 2329 1207 2398 τοῖς

152 2425 359 2519 ειπατρρόοις
380 2436 477 2508 θεοῖς
500 2421 540 2506 ἃς
562 2424 679 2508 εὔξατο
702 2431 827 2506 θυσίας
855 2426 911 2494 καὶ
933 2423 1012 2505 τοὺς
1034 2435 1207 2511 συγγενεῖς

193 2532 338 2601 ἑστιάσει
367 2535 502 2623 λαμπρᾷ
528 2558 563 2601 τε
594 2533 650 2600 καὶ
679 2531 854 2620 *καθάπερ
878 2533 915 2600 ἐν
943 2545 1015 2611 ταῖς
1038 2535 1207 2618 μεγίσταις
1240 2573 1242 2576 -

192 2638 323 2725 ἑορταῖς
345 2635 522 2726 ὑπεδέχετο
546 2637 704 2718 ἐλάττους
721 2634 910 2725 ἡγούμενος
930 2635 990 2718 τδις
1012 2640 1102 2718 ἰδίας
1123 2656 1207 2725 συμ-

142 2751 184 2816 10
193 2742 302 2833 φορὰς
329 2749 398 2812 τῶν
424 2747 551 2814 κοινόν
578 2747 639 2832 τής
665 2747 826 2832 πατρίδος
852 2742 1003 2831 ἀγαθῶν.
1048 2748 1146 2813 τούτο
1171 2741 1204 2810 δ’

188 2849 235 2922 ὀὐ
264 2850 375 2939 μόνον
406 2847 612 2940 ὁὉρότιος,
643 2849 728 2920 ἀλλὰ
758 2852 815 2920 καὶ
847 2849 916 2939 μετ’
946 2853 1077 2920 ἐκεῖνον
1109 2848 1207 2920 ἄλλοι
1237 2856 1242 2868 ”

152 2979 179 3020 ²⁵
194 2960 314 3046 συχνοὶ
340 2956 514 3046 Ῥωμαίων
549 2958 821 3046 μνημονεύονται
849 2957 1049 3046 ποιήσαντες
1080 2956 1265 3046 ἅνδρεςλσσ

192 3067 380 3154 ἐπιφανεῖς·
413 3068 498 3153 λέγω
523 3064 566 3134 δὲ
592 3065 630 3134 τὸ
653 3064 756 3134 θύειν
779 3066 836 3133 καὶ
859 3077 1130 3152 στεφανηφορεῖν
1152 3064 1208 3132 καὶ

193 3232 286 3360 καλῶις
304 3224 561 3354 όαδδεζείδεσεκυνῢόό
581 3226 882 3367 ἐφιμένὸψαῗκωπύό
901 3225 1044 3362 ειύξατοΙδ
1063 3223 1209 3364 ήόὲύτόοέδ

194 3375 228 3424 21
238 3369 372 3444 *λαμπρᾷ
391 3388 421 3424 τε
436 3368 486 3424 καὶ
500 3389 524 3423 κ.
539 3369 565 3422 R
582 3385 611 3422 τε
627 3382 681 3421 om.
696 3367 719 3420 B
736 3367 786 3422 καὶ
800 3367 854 3422 del.
866 3367 1015 3434 Bficheler3
1029 3365 1100 3422 mihi
1113 3365 1208 3436 potius

193 3438 302 3508 aliquid
329 3443 395 3510 post
421 3439 471 3494 καλ
497 3439 610 3494 αἰδοῖαι
636 3437 733 3495 deesse
819 3445 854 3495 26
877 3444 1070 3510 στεφηφορεῖν
1093 3437 1116 3493 0
1139 3453 1209 3493 corr.

192 3507 330 3565 Bficbelet
