2698 3982
210 231 253 294 36
636 231 800 283 -Α-

209 389 443 478 κρατήσαντες,
466 387 580 468 πόλεις
598 415 632 456 τε
651 387 776 468 πολλάς
798 389 860 476 μὲν
883 387 1145 477 παραλαβόντες,
1168 388 1224 458 άλ-

209 507 271 578 λας
298 496 333 564 δ’
364 494 460 566 αὐτοὶ
487 495 812 580 κατασκευάσαντες,
835 497 983 582 μεγάλην
1007 496 1063 562 καὶ
1090 510 1224 582 ταχεῖαν

211 605 362 704 ἐπίδοσιη
392 608 514 689 ἔλαβον
543 607 590 682 είς
618 599 802 689 εὐανδρίαν
829 603 885 670 καί
908 605 1057 670 πλοῦτον
1085 603 1141 669 καὶ
1164 601 1224 688 τήν

208 709 318 797 άλλην
342 708 520 797 εὐτυχίαν,
548 701 587 796 ἧς
611 705 652 778 οὐ
679 706 788 777 πολὺν
812 706 944 776 ὤναντο
972 707 1115 794 χρόνον·
1147 707 1222 776 ἀλλ’

183 815 310 903 δήνίκα
333 817 476 904 μάλιστα
500 829 570 894 τοῖς
593 815 763 902 σύμπασιν
786 813 908 883 άνθεῖν
932 813 1086 900 ἐδόκουν,
1110 819 1225 902 δαιμο·

209 930 297 1003 νίοις
318 925 385 991 τισὶ
400 923 513 1010 χόλοις
532 924 792 1010 ἐλαστρηθέντες
812 925 847 989 οί
862 920 924 1009 μὲν
946 918 1014 989 ὑπὸ
1028 923 1097 988 τῶν
1118 927 1225 990 θείων

210 1035 417 1117 συμφορῶν,
447 1033 482 1096 οἱ
504 1029 541 1097 δὲ
564 1027 630 1097 ὑπὸ
653 1033 722 1096 τῶν
744 1027 1019 1115 προσοικούντων
1043 1027 1224 1115 βαρβάρων
1244 1047 1277 1095 60

210 1136 465 1224 ἐξεφθάρησαν,
494 1134 532 1204 τὸ
562 1135 599 1203 δέ
630 1143 788 1204 πλεῖστον
818 1131 930 1202 αὐτῶν
960 1136 1060 1220 μέρος
1088 1139 1135 1214 είς
1163 1133 1225 1222 τήν

203 1240 349 1310 Ἑλλάδα
371 1243 427 1310 καὶ
451 1240 513 1328 τήν
536 1241 710 1330 βάρβαρον
732 1234 834 1320 αὖθις
857 1239 1045 1324 ἐσκεδάσθη
1070 1239 1158 1327 (περὶ
1176 1233 1224 1308 ὧν

171 1369 197 1408 10
210 1347 316 1427 πολὺς
339 1345 382 1416 άν
407 1358 458 1436 είη
482 1347 593 1435 λόγος,
617 1353 648 1416 εί
669 1353 857 1434 βουλοίμην
874 1345 936 1433 τήν
954 1343 1127 1432 άκρίβειαν
1146 1346 1225 1434 γρά-

210 1455 320 1544 φειν),
351 1453 468 1542 ὀλίγον
493 1455 530 1524 δέ
553 1458 746 1542 κατέμεινεν
770 1457 807 1522 ἐν
832 1452 954 1542 Ἰταλίᾳ
976 1456 1043 1520 τῶν
1064 1450 1226 1540 Ἀβοριγί-

170 1564 191 1627 2
210 1587 281 1628 νων
304 1569 458 1654 προνοίη.
495 1567 631 1648 πρῶτον
654 1561 716 1648 μὲν
741 1553 805 1629 οὖν
827 1564 886 1646 τῆς
909 1564 1132 1645 οἰκοφθορίας
1153 1574 1226 1640 ταῖς

209 1668 348 1736 πόλεσιν
378 1669 486 1738 ἐδόκει
515 1667 630 1759 αὐχμῷ
654 1666 675 1754 ἡ
700 1672 741 1754 γή
770 1676 962 1735 κακωθεῖσα
985 1663 1098 1753 άρξαι,
1126 1662 1226 1752 ἡνίκα

210 1771 285 1841 οὔτ’
321 1776 374 1843 ἐπὶ
406 1791 477 1855 τοῖς
500 1778 656 1861 δένδρεσι
678 1772 804 1860 καρπὸς
836 1770 948 1851 οὐδεὶς
979 1768 1103 1857 ὡραῖος
1134 1774 1225 1858 γενέ-

169 1899 195 1940 ιε
209 1889 294 1947 σθαι
327 1882 515 1968 διέμεινεν,
548 1878 627 1948 ἀλλ’
663 1877 748 1966 ὠμοὶ
779 1881 978 1964 κατέρρεον,
1012 1873 1090 1946 οὔθ’
1117 1874 1226 1946 ὁπόσα
1329 1941 1330 1960 2

209 1985 407 2074 σπερμάτων
435 1986 559 2056 άυέντα
591 1984 757 2072 βλαστοὺς
786 1982 969 2070 ἀνθήσειεν
994 1985 1056 2062 ἕως
1083 1983 1227 2071 στάχυος

208 2091 315 2179 άκμής
336 2092 415 2173 τοὺς
438 2091 520 2160 κατά
544 2091 653 2179 νόμον
678 2090 861 2177 ἐξεπλήρου
880 2088 1036 2178 χρόνους,
1060 2088 1136 2158 οὔτε
1159 2092 1225 2160 πόα
1328 2147 1329 2184 ,

207 2198 365 2284 κτήνεσιν
398 2199 518 2285 ἐφύετο
553 2197 706 2285 διαρκής,
738 2201 806 2265 τῶν
835 2223 871 2264 τε
902 2195 1061 2283 ναμάτων
1093 2195 1134 2265 τὰ
1162 2199 1225 2285 μὶν
1328 2187 1329 2191 ¹

209 2303 319 2372 οὐκέτι
347 2310 507 2372 πίνεσθαι
531 2307 699 2372 σπουδαῖα
722 2296 783 2390 ἦν,
810 2297 851 2371 ’τά
880 2301 911 2370 δ’
936 2301 1145 2390 ὑπελίμπανε
1167 2309 1225 2374 θέ-
1327 2331 1328 2413 γ

168 2398 189 2462 3
212 2435 308 2497 ρους,
337 2407 378 2477 τδι
403 2408 436 2476 δ’
463 2415 509 2490 είς
531 2413 626 2491 τέλος
648 2407 885 2497 άπεσβέννυτο.
931 2406 1061 2495 άδελφδι
1085 2411 1123 2478 δὲ
1149 2411 1225 2480 τού-

168 2486 194 2527 ²⁰
207 2543 278 2595 τοις
305 2519 432 2602 ἐγίνετο
460 2523 538 2605 περί
561 2544 596 2585 τε
623 2517 802 2606 προβάτων
831 2517 887 2584 καί
909 2519 1081 2602 γυναικῶν
1103 2518 1225 2602 γονάς·

207 2619 227 2709 ή
259 2621 323 2709 γάρ
357 2623 560 2710 ἐξημβλοῦτο
592 2623 632 2692 τά
666 2629 810 2710 ἐμβρυα,
840 2620 967 2709 ήκατά
997 2620 1076 2702 τοὺς
1104 2623 1226 2713 τόκους

208 2734 420 2816 διεφθείρετο
445 2734 535 2797 ἐστιν
559 2727 580 2796 ἃ
604 2731 659 2798 καὶ
682 2728 740 2810 τὰς
759 2729 928 2816 φερούσας
951 2731 1224 2819 συνδιαλυμηνά-
1245 2757 1279 2804 61

282 2931 295 2977 1
315 2919 412 2985 πόλεις
430 2943 460 2978 τε
479 2923 641 2997 παρέλαβον
658 2921 746 2986 άλλας
764 2925 787 2978 Β
814 2921 912 2986 πόλεις
929 2943 958 2978 τε
979 2923 1154 2996 προςέλαβον
1176 2921 1226 2979 άλ-

209 3000 259 3056 λας
272 2995 307 3063 Α,
325 2997 505 3049 correxerunt
523 2996 680 3050 Ambrosch
698 2998 727 3050 et
745 2993 883 3050 Bfloheler
936 3002 952 3048 2
972 3001 1090 3063 ταχεῖαν
1109 2996 1158 3050 καὶ
1176 3015 1224 3066 με·

209 3062 339 3134 γιιηιΒ
411 3065 503 3120 οιεο
526 3065 579 3120 σοι.
601 3065 690 3121 cobet
713 3066 776 3121 obs.
801 3085 828 3136 p.
848 3071 883 3120 τι
962 3072 995 3120 ιο
1018 3061 1090 3133 πρὸς
1115 3067 1160 3120 vel
1183 3066 1226 3130 τις
1324 3045 1325 3082 ¹

209 3133 262 3206 τήν
282 3155 303 3191 ο.
324 3136 433 3192 Ritsehl
525 3141 556 3190 11
577 3131 672 3205 ὀλίγον
701 3136 733 3191 δέ
762 3153 849 3205 usque
877 3136 913 3190 εδ
942 3152 1001 3206 cap.
1027 3142 1062 3190 24
1087 3137 1133 3191 fin.
1157 3136 1225 3193 hine

209 3207 328 3278 sumpsit
344 3207 481 3261 Eusebius
497 3223 590 3276 praep.
601 3224 699 3277 evang.
717 3205 764 3275 lV,
777 3214 810 3262 16
867 3213 899 3261 13
918 3203 1070 3277 αόγμοῑνΑ
1126 3213 1160 3262 14
1174 3205 1225 3264 οό-

210 3277 268 3341 δεὶς
293 3277 345 3340 ἕως
363 3279 413 3333 τοῦ
434 3277 494 3347 (vel
513 3276 553 3338 είς
571 3273 614 3339 τό)
635 3273 682 3346 δρ.
703 3296 725 3332 ο.
749 3278 851 3333 Reiske
924 3283 957 3332 15
986 3274 1052 3333 οὔτε
1073 3279 1098 3332 Α
1117 3275 1181 3334 οὔτ’
1202 3281 1226 3334 Β

209 3367 277 3404 corr.
297 3350 461 3403 Ambrosch.
536 3355 567 3402 17
587 3344 760 3418 ἐξεπλήρουν
779 3351 832 3403 AB
851 3344 1005 3417 ἐξεπλήρου
1023 3349 1125 3406 Εοεολ).
1142 3350 1225 3406 oodd.

246 3425 278 3474 18
297 3417 462 3490 μλνΒμδν
481 3414 561 3481 άςΑ
626 3427 657 3474 19
677 3417 984 3492 <τέλ>οςΒθέροςΒ
1055 3425 1090 3474 θθ
1110 3417 1225 3482 τάςτε-

208 3485 313 3552 κοόοας
334 3491 413 3544 codd.
433 3491 515 3570 mulffii
535 3489 649 3545 Eusebii
667 3491 740 3559 quod
760 3491 863 3560 proba&
881 3487 1041 3559 Stephanus
1154 3514 1157 3519 ·
