2698 3982
188 241 232 306 ει
614 239 779 293 -A-

188 402 226 470 δὲ
259 401 315 470 καὶ
347 400 528 488 Δήμητρος
560 397 652 486 ἱερὸν
688 399 761 485 καὶ,
776 395 835 476 τὰς
870 400 995 476 θυσίας
1027 393 1111 484 αὐτῇ
1145 391 1202 463 διὰ

188 511 360 595 γυναικῶν
382 533 418 575 τε
437 507 493 574 καὶ
507 509 696 592 νηφαλίους
710 509 851 588 ἔθυσαν,
875 499 920 582 ὡς
933 500 1073 587 Ἕλλησι
1087 502 1202 590 νόμος,

149 620 170 685 2
189 607 238 684 τόν
262 613 364 683 ούδέν
388 611 406 682 ό
430 611 515 682 καθ’
540 610 627 700 ήμᾶς
648 610 770 698 ήλλαξε
792 609 923 698 χρόνος.
963 606 1141 690 ἀπέδειξαν
1165 609 1203 677 δὲ

188 723 244 790 καλ
267 725 462 790 Ποσειδῶνι
489 721 626 806 τέμενος
643 715 759 810 Ἱππίφ
787 718 843 786 καὶ
865 714 928 804 τήν
953 713 1073 802 ἑορτὴν
1092 714 1203 784 Ἱππο-

161 828 323 918 σκράτεια
350 827 412 916 μὲν
438 824 500 895 ὑπ’
524 824 710 910 Ἀρκάδων,
729 823 956 892 Κωνσουάλια
980 822 1018 890 δὲ
1040 820 1105 892 ὑπὸ
1124 821 1202 892 Ῥω-

188 941 298 1023 μαίων
326 933 490 1022 λεγόμενα
517 930 777 1018 κατεστήσαντο,
806 933 844 998 έν
871 922 892 1020 ᾖ
919 928 1009 1019 παρά
1027 927 1204 1018 Ῥωμαίοις

188 1045 221 1124 ἐξ
250 1047 353 1121 έθονς
381 1041 576 1109 ἐλινύουσιν
605 1045 713 1127 ἔργων
740 1041 836 1106 ἵπποι
864 1039 920 1106 καὶ
943 1034 1032 1127 ὀρεῖς
1054 1039 1110 1106 καλ
1133 1040 1203 1108 στέ-

148 1153 169 1217 3
191 1175 314 1236 φονται
341 1146 399 1228 τάς
421 1145 567 1235 κεφαλάς
596 1144 730 1214 άνθεσι.
773 1144 880 1214 πολλὰ
909 1145 947 1214 δὲ
968 1147 1024 1213 καλ
1047 1142 1132 1212 άλλα
1153 1171 1204 1212 τε-

80 1327 83 1338 ,
188 1257 272 1342 μέυη
295 1254 351 1321 καὶ
377 1251 513 1341 βωμούς
541 1253 597 1320 καὶ
623 1253 724 1341 βρέτη
746 1257 840 1320 θεῶν
862 1257 1104 1336 καθωσίωσαν,
1131 1249 1202 1337 ἁγι-

149 1383 176 1421 10
189 1360 296 1449 σμούς
317 1387 352 1430 τε
375 1362 432 1430 καλ
444 1363 569 1439 θυσίας
591 1359 835 1446 κατεστήσαντο
855 1365 1026 1448 πατρίους,
1050 1365 1088 1426 αλ
1108 1365 1203 1447 μέχρι
1223 1373 1258 1422 87

187 1471 256 1535 τῶν
278 1465 351 1535 κατ’
378 1466 434 1554 έμλ
457 1465 591 1554 χρόνων
614 1464 674 1533 τὸν
698 1464 802 1534 αὐτὸν
817 1468 970 1554 ἐγίνοντο
993 1464 1131 1553 τρόπον.
1163 1462 1204 1533 ού

188 1572 403 1660 θαυμάσαιμι
427 1570 458 1640 δ’
484 1569 528 1641 άν
552 1577 583 1640 εί
602 1573 658 1640 καὶ
671 1577 849 1661 παρεῖνταί
863 1599 952 1652 τινες
976 1575 1205 1658 διαφυγοῦσαι

188 1678 252 1766 τήν
283 1683 352 1748 τῶν
386 1681 631 1766 ἐπιγινομένων
666 1677 803 1767 μνήμην
832 1676 898 1748 ύπδ
931 1683 992 1747 τού
1024 1679 1115 1748 πάνυ
1147 1676 1204 1765 άρ-

188 1792 306 1874 χαίου·
329 1783 398 1853 ἀλλ’
424 1783 600 1874 άποχριόσί
619 1812 657 1871 γε
680 1788 717 1852 αί
733 1789 799 1853 νῦν
823 1789 870 1854 ἔτι
889 1785 1065 1872 γινόμεναι
1088 1785 1205 1872 τεκμή-

150 1913 176 1953 1⁵
190 1919 246 1981 ρια
274 1889 361 1960 εἶναι
383 1895 453 1960 τῶν
473 1889 680 1979 Ἀρκαδικῶν
702 1917 782 1961 ποτε
802 1896 979 1980 νομίμων·
1008 1891 1206 1980 λεχθήσεται

151 2005 173 2068 4
193 1999 231 2068 δὲ
253 1999 329 2087 περὶ
352 1996 463 2067 αὐτῶν
487 1999 540 2067 ἐπὶ
557 2007 674 2067 πλεῖον
698 2002 735 2067 ἐν
755 1999 888 2087 ἑτέροις.
920 1999 1075 2084 λέγονται
1094 1997 1132 2066 δὲ
1150 1997 1206 2066 καλ

188 2105 393 2193 γραμμάτων
423 2102 631 2190 Ἑλληνικῶν
668 2109 788 2191 χρῆσιν
825 2109 872 2184 είς
899 2101 1043 2172 Ἰταλίαν
1079 2107 1206 2190 πρῶτοι

190 2217 383 2300 διακομίσαι
415 2210 536 2279 νεωστὶ
568 2224 734 2297 φανεῖσαν
765 2208 920 2297 Ἀρκάδες
951 2211 1007 2278 καλ
1040 2208 1206 2298 μουσικήν

187 2317 250 2406 τὴν
275 2316 320 2385 δι’
347 2315 516 2402 ὀργάνων,
539 2312 561 2383 ά
584 2314 626 2402 δή
649 2315 750 2406 λύραι
772 2318 882 2384 τεκαὶ
903 2321 1051 2404 τρίγωνα
1069 2319 1126 2386 καὶ
1145 2315 1204 2385 αύ-

148 2426 242 2493 νολολ
270 2428 467 2509 καλοῦνται,
495 2425 564 2491 τῶν
586 2425 759 2512 προτέρων
784 2421 835 2493 ὅτι
863 2421 908 2512 μή
938 2423 1070 2511 σύριγξι
1092 2448 1207 2511 ποιμε-

188 2543 299 2610 νικαϊς
331 2528 446 2598 ούδενλ
479 2527 570 2620 άλλφ
603 2534 766 2617 μουσικῆς
794 2530 974 2618 τεχνήματι
1010 2533 1205 2618 χρωμένων,

189 2637 317 2724 νόμους
339 2661 374 2704 τε
397 2637 524 2704 θέσθαι
547 2637 603 2703 καὶ
625 2635 687 2722 τὴν
711 2640 844 2704 δίαιταν
867 2639 903 2704 ἐκ
925 2641 986 2706 τού
1008 2635 1206 2725 θηριώδους

190 2745 243 2812 ἐπὶ
265 2751 422 2811 πλεῖστον
446 2746 494 2822 είς
516 2738 703 2830 ἡμερότητα
726 2757 923 2830 μεταγαγεῖν
950 2745 1069 2830 τέχνας
1091 2771 1126 2812 τε
1148 2745 1206 2811 καὶ

191 2848 434 2937 ἐπιτηδεύματα
457 2849 512 2916 καὶ
531 2847 616 2916 άλλα
638 2847 745 2916 πολλά
769 2875 845 2916 τινα
870 2847 1071 2937 ὠφελήματα
1095 2854 1142 2930 είς
1164 2848 1268 2927 τδςς*

263 3017 278 3063 2
297 3011 363 3079 post
381 3008 429 3062 καλ
449 3007 584 3062 excidisse
603 3009 716 3062 παίδων
739 3009 785 3063 vel
807 3010 899 3094 κορῶν
923 3011 1018 3064 censet
1036 3009 1208 3076 Ambrosch,

191 3099 227 3136 an
245 3081 383 3167 νυμφῶνλ
455 3075 640 3133 4ιιοσιδόυι
665 3076 774 3164 ΒοΙ
762 3075 933 3149 ιπποιιράτια
951 3083 977 3135 Α
1006 3052 1209 3150 ἴπιιόκραταῖδ

227 3159 242 3206 5
266 3147 323 3206 ὑπὸ
352 3145 487 3219 άρκάδων
516 3151 539 3203 Β
564 3152 568 3217 l
593 3145 764 3204 κονσουάλια
790 3151 836 3205 Bb
909 3151 1101 3222 θλεγομένην
1120 3149 1210 3207 Οολιολι

192 3222 256 3276 Obs.
276 3241 303 3292 p.
318 3229 353 3277 28
409 3215 620 3276 λέλλινύονσιν
638 3221 684 3274 Bb
749 3225 969 3277 9καθωσίωσεν
988 3223 1029 3276 Ba
1085 3228 1117 3275 12
1136 3241 1210 3291 παρ-

191 3294 322 3348 ίενταιΒ
401 3298 433 3346 13
453 3286 510 3346 άπὸ
540 3290 652 3346 Οοοιτ.
677 3291 767 3346 Cobet
785 3292 894 3362 Obs.p
896 3299 955 3347 29
1034 3299 1069 3347 14
1087 3290 1121 3346 αἶ
1141 3296 1209 3347 Am·

190 3365 291 3418 brosch
314 3363 410 3417 καλΟ
444 3363 494 3416 καλ
517 3360 593 3416 αιο.
624 3363 783 3449 Stephanus
811 3361 844 3417 αλ
863 3311 911 3418 κάλ
935 3381 958 3418 ο.
977 3363 1149 3433 Reiskely
1150 3359 1210 3418 ινό-

192 3453 264 3504 μενα
274 3434 326 3488 AB
382 3441 414 3488 19
434 3434 586 3503 τρίτωναΒ
602 3436 605 3502 1
622 3428 705 3488 αύλολ
723 3434 897 3490 Camerarius
916 3435 1034 3489 λυδολΟ
1089 3440 1124 3489 24
1142 3431 1208 3489 τινά

191 3500 278 3559 πολλα
298 3504 779 3574 (ODE)alteru1;rumdel.Reiske
