2682 3982
1080 243 1145 308 309
1296 2 1324 211 δ

1323 323 1324 382 λ

129 400 193 490 τῆν
221 406 417 471 παναθλίαν
444 399 597 490 ἀδελφὴν
625 399 854 490 ἀποστερήσας
880 402 1006 490 γάμου,
1035 394 1061 471 ῶ
1088 403 1146 472 δά-

131 513 246 596 στηνελ
283 505 356 578 ἀλλ’
383 505 458 578 οὐδ’
485 513 576 590 ἔλεος
604 509 789 597 είσέρχεταί
813 529 851 578 σε
877 511 945 578 τῶν
975 507 1145 578 ἀπολωλό-
1323 511 1324 602 λ

129 641 198 686 των
232 618 423 702 συγγενῶν,
461 611 520 695 οὓς
551 613 721 703 ἀδελφοὺς
753 615 894 703 ἐκάλεις,
926 613 1000 684 ἀλλ’
1035 613 1146 704 ῶσπερ
1323 611 1324 620 ’

129 720 276 809 ἀγαθόν’
300 749 332 790 τι
370 723 659 809 διαπεπραγμένος
695 723 868 810 ἐξέστηκας
902 725 972 792 τῶν
1009 726 1146 811 φρενῶν

129 827 195 900 ὑπὸ
214 832 273 917 τῆς
291 825 418 916 ῆδονῆς
441 829 497 896 καὶ
520 827 710 916 στεφάνους
728 830 781 897 ἐπὶ
803 842 872 910 τοῖς
889 829 1056 909 τοιούτοις
1079 831 1174 897 ἐπί-ε

129 956 238 1004 κεισαι
274 945 389 1014 κακοῖς
423 939 516 1014 τίνος
553 939 639 1022 ἔχων
671 933 783 1022 ψυχῆν
815 940 958 1023 θηρίου;
994 933 1187 1016 κάκεῖνοςθ

130 1039 328 1128 ὑπολαβών,
364 1044 566 1127 Φιλοῦντος,
608 1045 688 1128 ἔφη,
728 1039 791 1130 τῆν
828 1046 972 1128 πατρίδα
1006 1047 1148 1112 πολίτου

129 1149 186 1218 καὶ
208 1145 287 1228 τοὺς
309 1151 418 1229 κακῶς
441 1146 525 1237 αάτῆ
546 1150 777 1236 βουλομένους
796 1149 1006 1236 κολάζοντος,
1029 1149 1089 1219 ίάν
1111 1177 1148 1219 τε

131 1253 303 1341 ἀλλότριοι
324 1254 472 1341 τύχωσιν
495 1253 598 1342 αὐτῆς
622 1253 728 1340 ὄντες,
747 1255 807 1324 ἐάν
825 1283 860 1325 τε
884 1261 1014 1326 οίκεῖοι·
1038 1259 1075 1326 ἐν
1098 1251 1148 1336 οἷς

557 229 721 298 ..ΔΓ-

130 1368 266 1450 τίθεμαι
289 1361 345 1430 καὶ
367 1362 415 1446 σί,
438 1357 511 1447 ῆτις
535 1361 587 1428 ἑνὶ
608 1364 714 1452 καιρῷ
732 1359 773 1430 τά
792 1363 930 1448 μέγιστα
948 1361 1090 1450 ἀγαθῶν
1113 1389 1148 1432 τε
1163 1388 1189 1427 ιο

77 1471 193 1538 464καί
211 1471 322 1538 κακῶν
342 1467 575 1555 συμβεβηκότα
598 1464 679 1554 ῆμῖν
703 1469 887 1554 ἐπιγνοῦσα
904 1470 967 1558 τῆν
989 1497 1025 1540 τε
1048 1475 1148 1557 νίκην

131 1579 191 1662 τῆς
208 1579 378 1662 πατρίδος,
396 1571 440 1661 ῆν
463 1571 481 1642 δ
501 1571 560 1654 σδς
578 1570 726 1660 ἀδελφὸς
744 1572 808 1659 ἐγὼ
827 1575 964 1665 πάρειμι
981 1577 1148 1663 κατάγων,

131 1684 188 1751 καὶ
210 1680 271 1750 τὸν
289 1681 444 1750 θάνατον
467 1684 535 1750 τῶν
555 1678 713 1766 ἀδελφῶν
738 1677 800 1748 οὐκ
823 1682 877 1749 ἐπὶ
898 1696 970 1762 τοῖς
992 1681 1148 1770 ἀγαθοῖς,

132 1782 158 1859 ῶ
178 1787 281 1877 μιαρὰ
300 1787 355 1873 σά,
373 1800 443 1866 τοῖς
460 1798 590 1866 κοινοῖς
607 1789 666 1872 τῆς
683 1789 845 1874 πατρίδος
862 1791 988 1875 χαίρεις
1007 1785 1078 1857 οὔτ’
1096 1788 1149 1856 ἐπὶ

130 1909 205 1976 ταῖς
236 1907 427 1983 συμφοραῖς
457 1905 530 1972 ταῖς
562 1896 665 1972 ίδίαις
696 1895 755 1980 τῆς
783 1897 889 1973 οίκίας
918 1891 1044 1981 ἀλγεῖς,
1073 1893 1146 1964 ἀλλ’
1164 1918 1189 1959 15

131 1999 339 2090 ὑπεριδοῦσα
360 2003 429 2069 τῶν
448 2003 590 2086 σεαυτῆς
615 1997 773 2086 ἀδελφῶν
791 1998 852 2068 τὸν
874 2004 936 2070 τοῦ
959 2005 1151 2090 μνηστῆρος

132 2108 323 2188 ἀνακλαίεις
341 2105 461 2194 μόρον,
481 2103 557 2174 οὐδ’
579 2102 645 2174 ὑπὸ
663 2110 724 2174 τοῦ
748 2106 890 2188 σκότους
912 2108 1150 2197 ἀποφθαρεῖσά

131 2241 199 2286 που
225 2213 308 2284 κατὰ
336 2212 458 2302 μόνας,
491 2210 565 2281 ἀλλ’
597 2214 634 2280 ἐν
661 2227 732 2294 τοῖς
759 2211 918 2284 ἁπάντων
947 2213 1150 2302 ὀφθαλμοῖς,

131 2327 192 2391 καί
212 2349 269 2409 μοι
290 2319 353 2408 τῆν
377 2317 499 2409 ἀρετῆν
521 2317 679 2400 καὶτοὺς
702 2319 892 2408 στεφάνους
915 2316 1098 2408 ὀνειδίζεις,
1123 2315 1149 2392 ῶ

131 2427 392 2516 ψευδοπάρθενε
414 2427 469 2496 καὶ
496 2425 682 2513 μισάδελφε
707 2427 764 2494 καὶ
791 2424 912 2510 ἀναξία
933 2431 1002 2496 τῶν
1024 2429 1147 2517 προγό-
1161 2449 1189 2489 20

131 2564 213 2606 νων.
255 2532 369 2622 ἐπειδῆ
392 2537 512 2602 τοίνυν
536 2529 577 2599 οὐ
599 2529 679 2618 τοὺς
702 2530 871 2621 ἀδελφοὺς
893 2543 1041 2622 πενθεῖς,
1065 2533 1150 2605 ἀλλά

131 2641 210 2723 τοὺς
233 2639 404 2725 ἀνεψιούς,
426 2640 483 2708 καὶ
509 2635 547 2709 τὸ
571 2637 633 2726 μὲν
657 2641 753 2726 σῶμα
777 2641 813 2708 ἐν
836 2653 907 2720 τοῖς
931 2647 1030 2724 ζῶσιν
1055 2647 1149 2731 ἔχεις,

131 2749 194 2837 τῆν
224 2748 261 2816 δὲ
288 2745 399 2834 ψυχῆν
426 2741 516 2833 παρὰ
548 2748 594 2837 τῷ
622 2748 747 2838 νεκρῷ,
775 2744 875 2815 ἀπιθι
907 2746 991 2837 πρὸς
1018 2750 1148 2818 ἐκεῖνον

135 2852 176 2924 δν
200 2853 349 2942 ἀνακαλῆ
372 2852 428 2923 καί
452 2849 533 2938 μῆτε
554 2849 616 2919 τὸν
638 2853 765 2940 πατέρα
783 2852 864 2941 μήτε
884 2852 963 2935 τοὺς
980 2852 1151 2942 ἀδελφοὺς

205 3109 221 3158 2
241 3097 317 3172 ἀλλ’]
341 3092 389 3170 ἀρ’
409 3117 432 3156 ο.
452 3098 594 3168 Kiessling
611 3099 656 3154 Pr.
675 3101 739 3156 Βεε.
757 3117 785 3170 p.
806 3105 838 3154 11
916 3107 933 3156 6
956 3096 1065 3170 ψυχήν;
1085 3097 1150 3171 οάχλ

132 3177 238 3245 θηρίου
258 3193 281 3230 ο.
297 3173 457 3242 Stephanus
529 3176 545 3225 ’ί
565 3171 630 3225 ante
647 3172 799 3241 φιλοῦντος
812 3171 909 3226 deesse
928 3173 1034 3242 μενοῆν
1052 3191 1084 3242 γε
1102 3173 1150 3228 vel

134 3244 293 3319 μᾶλλονδὲ
318 3262 392 3314 susp.
416 3241 576 3313 Stephanus
654 3249 688 3297 14
706 3239 741 3298 οὐ
761 3243 783 3296 Β
808 3237 842 3296 οά
861 3243 887 3297 R
902 3244 907 3312 Ι
923 3237 988 3297 οὔδ’
1009 3259 1032 3297 ο.
1055 3243 1150 3300 Κίεεε·

133 3372 195 3442 ling
259 3377 293 3426 15
313 3367 400 3430 ίδίαις
418 3367 468 3436 τῆς
486 3363 579 3428 οίκίας
596 3311 785 3430 Βτδςίιίίάἀῆςιλ
850 3371 883 3422 17
902 3361 1108 3436 ἀποφθαρεῖσα
1127 3369 1149 3422 Β

135 3447 283 3515 φθαρεῖσα
301 3442 327 3497 R
344 3441 509 3509 κρυφθεῖσα
528 3455 552 3493 ο.
567 3437 705 3493 Bficheler
777 3443 810 3494 18
828 3457 884 3493 που
917 3456 967 3492 τοι
985 3456 1008 3493 ο.
1023 3438 1147 3512 Reiske}

134 3509 208 3572 κατὰ
228 3509 318 3586 μόνας
336 3512 359 3565 Β
378 3527 433 3566 om.
452 3510 478 3564 R
550 3514 583 3564 21
602 3510 746 3572 ποθεῐςΒ
819 3514 854 3565 24
872 3508 1085 3582 ανακ<αλ>ῆΒ
