2698 3982
200 261 246 326 90
627 260 794 312 -Α-

201 420 332 507 λάττης]
357 425 439 490 έθει.
484 423 622 498 Αίνείας
645 417 683 486 δέ
701 414 863 505 μαθών“
844 444 895 486 οτι
918 416 1043 503 ταύτην
1066 414 1133 504 ἀρα
1154 415 1220 504 τὴν

200 525 387 612 τετράποδα
409 523 613 614 ἡγεμόνα
580 551 619 594 το
642 526 817 654 θέσφατον
841 522 956 604 αὐτοῖς
979 523 1103 610 ἐδήλου
1129 547 1216 612 παρ-
1224 538 1275 590 142

132 707 140 723 .
200 632 384 720 ηκολούθει
399 630 463 702 σὺν
478 630 606 718 ὀλίγοις
623 630 745 719 μικρὸν
758 629 1033 718 ὑπολειπόμενος,
1056 627 1222 709 δεδοικὼς

201 737 246 826 μὴ
269 735 335 807 ὑπὸ
349 738 506 826 θορύβου
528 741 597 806 τῶν
612 736 808 806 διωκόντων
831 735 1094 825 ἀποτραπείη”
1054 764 1113 824 της
1134 735 1221 806 κατὰ

161 821 183 886 2
174 849 348 949 5ιλαίμονα
363 843 458 912 6606.
480 841 570 930 καὶὴ
590 843 652 930 μὲν
671 841 758 931 ἀμφὶ
770 841 850 923 τοὺς
868 853 973 914 εἴκοσι
987 845 1043 912 καὶ
1060 845 1221 930 τέτταρας

174 909 303 1020 5σταάί
288 957 361 1031 ίους
382 948 448 1018 ἀπὸ
474 951 645 1036 θαλάττης
667 953 853 1020 διελθοῦσα
879 949 990 1037 λόφον
1017 947 1094 1018 τινὰ
1115 970 1221 1037 προσ·

201 1060 390 1145 ανατρέχει,
419 1053 550 1125 ἔνθα’
532 1055 599 1126 υπὸ
626 1056 779 1186 καμάτου
806 1055 1006 1144 μοχθήσασα
1034 1058 1220 1138 καθέζεται.
1328 1061 1329 1106 ἓ

201 1169 246 1256 τῷ
278 1164 316 1232 δέ
348 1169 468 1254 Αίυείηι
500 1164 613 1253 (τέλος
643 1163 707 1252 γὰρ
743 1162 785 1232 τὰ
816 1163 1029 1252 μαντεύματα
1060 1165 1219 1250 ἐφαίνετο

202 1270 306 1361 ἔχειν)
330 1267 455 1358 ὁρῶντι
476 1268 514 1338 τὸ
538 1275 664 1357 χωρίον
686 1275 749 1357 γῆς
769 1297 806 1340 τε
827 1268 889 1340 ούκ
911 1272 949 1338 έν
962 1274 1052 1361 καλῷ
1074 1269 1131 1337 καλ
1152 1277 1218 1336 θα-

163 1413 189 1452 10
203 1376 323 1463 λύττης
344 1377 459 1466 πρόσω
482 1378 538 1446 καί
563 1374 644 1444 0666
666 1376 788 1463 ταύτης
809 1379 1056 1464 ἐνορμίσασθαι
1074 1373 1219 1462 ἀγαθῆς,
1329 1466 1330 1474 ¹

201 1481 308 1570 πολλὴ
326 1489 525 1570 παρίσταται
543 1481 728 1570 ἀμηχανία,
750 1482 875 1570 πότερα
897 1481 960 1570 χρὴ
988 1487 1033 1574 τῷ
1056 1480 1219 1572 θεσφάτῳ
1329 1477 1330 1498 6

201 1591 428 1677 πειθομένους
459 1585 565 1660 αὐτοῦ
596 1602 780 1675 κατοικεῖν,
814 1594 900 1658 ἔνθα
931 1586 1084 1675 λυπηρὸν
1113 1589 1220 1656 εἰσαεὶ

201 1701 280 1783 βίον
301 1701 483 1785 τρίψουσιν
506 1693 647 1774 οὐδενός
669 1698 816 1784 χρηστοῦ
830 1693 1068 1780 ἀπολαύοντες,
1091 1690 1112 1782 6
1135 1719 1219 1783 προ-

162 1820 183 1885 3
202 1805 336 1892 σωτέρω
359 1805 529 1891 χωρητέον
544 1803 597 1871 έπλ
619 1806 682 1890 γῆς
694 1801 875 1890 ἀμείνονος
889 1800 1081 1888 μάστευσιν.
1112 1805 1219 1869 ταῦτα

162 1943 188 1986 15
204 1909 241 1978 δὲ
269 1907 358 2002 αὐτῷ
387 1913 621 2000 διανοουμένῳ
648 1910 705 1976 καὶ
726 1906 806 1988 τοὺς
827 1905 932 1988 θεούς
960 1913 1071 1994 ἔχοντι
1095 1904 1141 1974 δι’
1166 1912 1218 1975 αί-

201 2022 274 2097 τίας
300 2016 399 2105 ἀφνεο
426 2018 556 2103 λέγεται
584 2015 683 2102 φωνή
705 2041 756 2094 τις
783 2018 819 2084 ἐκ
840 2019 900 2102 τῆς
926 2014 1035 2102 νάπης
1061 2013 1218 2102 ἀφανοῦς

202 2121 301 2203 ὄντος
332 2129 393 2192 τοῦ
426 2124 665 2210 φθεγγομένου
700 2136 904 2208 προσπεσεῖν
940 2121 1124 2190 κελεύουσα
1161 2125 1218 2208 με’-

201 2257 277 2299 νειν
299 2257 335 2300 τε
357 2228 481 2298 αὐτόθι
504 2230 559 2296 καὶ
582 2232 778 2308 πολίζεσθαι
802 2225 859 2296 διὰ
876 2229 1005 2314 ταχέων
1027 2228 1084 2296 καὶ
1107 2225 1152 2315 μὴ
1170 2233 1217 2320 τῷ

202 2335 318 2427 ἀπόρῳ
341 2341 400 2422 τῆς
422 2333 594 2421 παρούσης
616 2333 715 2420 δόξης
738 2336 971 2422 ἐπιτρέψαντα,
995 2339 1027 2402 εί
1043 2332 1087 2421 μὴ
1107 2337 1145 2402 έν
1164 2333 1217 2404 εύ-

161 2441 291 2532 εοβότφ
321 2468 363 2528 γη
393 2438 454 2508 τὸν
484 2446 562 2526 βίον
586 2439 774 2526 ἱδρύσεται,
803 2437 866 2526 τὴν
890 2439 1081 2527 μέλλουσάν
1103 2467 1139 2510 τε
1161 2443 1218 2510 καὶ

166 2545 286 2628 4ὅσον
311 2545 404 2616 οὕτω
427 2551 604 2636 παροῦσαν
619 2545 776 2634 εύτυχίαν
799 2545 1011 2616 ἀπώσασθαι.
1041 2545 1189 2616 εἶναι
1151 2575 1217 2637 γαρ

202 2651 291 2745 αύτῷ
320 2656 541 2741 πεπρωμένον
568 2655 605 2722 έκ
630 2652 753 2739 ταύτης
781 2651 980 2741 ὁρμώμενον
1007 2657 1066 2741 τῆς
1088 2658 1218 2742 λυπρᾶς

201 2759 258 2826 καλ
280 2756 397 2846 ὀλίγης
422 2757 461 2829 τὸ
489 2765 624 2848 πρῶτον
653 2759 814 2846 οἰκήσεως
842 2758 970 2846 πολλὴν
992 2761 1049 2828 καὶ
1075 2757 1273 2846 ἀγαθην143

202 2865 444 2952 ἐπικτήσασθαι
476 2871 541 2954 γῆν
574 2865 638 2935 σύν
670 2865 797 2958 χρόνῳ·
828 2867 946 2935 παισὶ
957 2867 995 2934 δὲ
1026 2865 1132 2936 αύτού
1162 2868 1219 2934 καί

162 3006 188 3047 25
202 2970 355 3059 έγγόνοις
379 2970 566 3039 ἔσεσθαι’
547 2970 654 3060 αρχὴν
692 2977 851 3060 μεγίστην
883 2973 938 3040 καὶ
970 2955 1024 3040 ἐπί
1060 2980 1218 3042 πλεῖστον

201 3077 328 3166 χρόνον
351 3079 696 3198 έκμηκυνθησομένην
719 3076 872 3166 ύπάρξαι.
917 3078 1043 3166 ταύτην
1067 3071 1194 3167 μὲν
1154 3106 1218 3148 ουν

273 3311 372 3376 2τετρ
373 3303 470 3395 6666oe
493 3325 547 3363 om
570 3309 594 3362 B
671 3316 696 3364 6.
716 3315 731 3363 9
755 3304 902 3378 θαλάσσης
924 3310 947 3363 Β
1024 3315 1057 3363 11
1083 3329 1142 3378 παρ
1143 3312 1220 3365 ίοτα-

202 3378 274 3432 τοΒ
344 3385 376 3433 12
396 3375 486 3433 αύτού
493 3376 698 3466 πειθομένους
715 3380 768 3435 ΑΒ
836 3328 886 3434 17η
888 3378 1015 3451 φεγγομέ
1016 3400 1068 3435 νον
1087 3381 1112 3436 Α
1128 3383 1132 3450 1
1148 3376 1222 3451 πρὸς

202 3449 286 3504 ποσὶν
303 3448 349 3504 Ba
419 3455 453 3504 23
472 3447 504 3504 τὸ
527 3445 707 3520 πρότερονΒ
788 3457 822 3506 25
841 3455 974 3507 πλεῖστον
997 3452 1023 3506 Α
1040 3454 1173 3508 πλείστου
1196 3454 1220 3508 Β

238 3525 272 3578 26
291 3514 420 3590 *χρόνον
438 3522 493 3576 ΑΒ
