2670 3984
574 219 737 272 -Β-
1098 217 1162 284 165

147 378 303 466 διώριζεν
326 376 392 448 ἀπὸ
414 383 483 448 τῶν
506 377 645 467 ἀσήμων
668 379 725 446 καί
743 382 911 447 ταπεινῶν
934 378 990 446 καί
1013 376 1162 466 ἀπόρων.

81 484 260 557 εστέκάλει
285 485 322 554 δὲ
344 484 424 566 τοὺς
446 485 508 574 μὲν
532 488 569 554 έν
593 489 634 574 τῇ
657 487 898 574 καταδεεστέρᾳ
919 484 1004 574 τύχη
1027 491 1161 573 πληβεί

145 618 217 677 ους,
237 589 281 673 ὡς
300 591 332 660 δ’
349 587 393 662 ἀν
405 590 566 678 Ἕλληνες
583 601 710 660 είποιεν
730 590 945 679 δημοτικούς·
971 589 1052 672 τοὺς
1070 590 1101 659 δ’
1124 595 1161 662 ἐν

142 702 185 786 τῇ
207 705 374 786 κρείττονι
401 700 544 783 πατέρας
571 707 637 768 εἴτε
667 697 724 766 διὰ
755 696 794 768 τὸ
821 697 1020 785 πρεσβεύειν
1048 696 1161 790 ἡλικία

142 809 213 874 τῶν
237 804 361 892 ἀλλων,
386 803 453 874 εἴθ’
475 803 526 875 ότι
545 808 662 885 παίδες
680 803 795 885 αὐτοῖς
817 797 916 892 ἦσαν,
940 813 1004 874 ελτε
1024 791 1080 872 διδ
1098 803 1161 892 τὴν
1188 832 1201 872 ι

144 909 348 998 ἐπιφάνειαν
370 914 433 980 τοό
456 913 589 996 γένους,
613 918 677 979 εἴτε
702 908 758 978 διὰ
776 909 886 979 πάυτα
908 914 1026 980 ταῦτα·
1049 913 1085 982 ἐκ
1102 915 1162 999 τῆς

91 1045 115 1064 ··
140 1016 336 1104 Ἀθηναίων
368 1021 551 1102 πολιτείας,
584 1015 630 1098 ῶς
660 1015 704 1086 ἀν
735 1044 786 1097 τις
813 1016 969 1104 είκάσειε,
1000 1021 1060 1106 τῆς
1086 1016 1158 1087 κατ’

143 1127 277 1194 ἐκείνου
303 1122 365 1192 τὸν
394 1123 520 1212 χρόνον
549 1129 596 1194 ἔτι
625 1123 852 1212 διαμενούσης
881 1121 920 1194 τὸ
949 1122 1161 1212 παράδειγμα

142 1229 269 1318 λαβιόν.
314 1232 438 1298 ἐκείνοι
467 1230 529 1318 μὲν
556 1230 621 1319 γὰρ
649 1236 698 1310 είς
725 1229 788 1300 δύο
816 1231 899 1318 μέρη
928 1237 1102 1318 νείμαντες
1123 1225 1201 1302 τό2

143 1342 278 1425 πλῆθος
307 1337 507 1423 εὐπατρίδας
543 1337 605 1425 μέν
638 1336 782 1408 ἐκάλουν
813 1336 893 1418 τοὺς
926 1339 960 1408 ἐκ
991 1341 1060 1406 τῶν
1094 1339 1161 1408 ἐπι-
1176 1367 1202 1408 ιο

144 1448 268 1533 φανῶν
292 1453 395 1514 οίκῶν
412 1445 468 1514 καί
486 1444 632 1533 χρήμασι
651 1444 830 1530 δυνατούς,
850 1439 901 1525 οἷς
918 1441 940 1532 ἡ
958 1448 1017 1532 τῆς
1034 1444 1163 1526 πόλεως

144 1550 297 1622 ἀνέκειτο
324 1557 527 1641 προστασία,
554 1550 736 1640 ἀγροίκους
759 1552 798 1621 δὲ
819 1549 899 1632 τοὺς
920 1551 1046 1632 ἀλλους
1067 1559 1161 1622 πολί-

143 1685 215 1745 τας,
239 1665 275 1728 οἳ
294 1661 363 1728 τῶν
384 1662 511 1728 κοινῶν
536 1657 677 1740 οόδευὸς
698 1650 787 1748 ἦσαν
811 1658 937 1746 κύριοι·
961 1657 1025 1728 σὺν
1048 1658 1161 1751 χρόνῳ
1241 1731 1245 1738 ,

146 1766 185 1834 δέ
198 1767 254 1834 καί
274 1757 368 1834 οὗτοι
381 1765 671 1854 προσελήφθησαν
691 1767 744 1836 ἐπὶ
762 1765 822 1848 τὰς
840 1764 952 1854 ἀργός.
985 1769 1021 1834 ολ
1037 1765 1098 1852 μέν
1118 1766 1161 1853 δὴ
1176 1767 1197 1832 3

143 1871 187 1942 τδι
206 1871 426 1941 πιθανώτατα
443 1873 519 1959 περί
537 1877 596 1960 τῆς
608 1871 783 1960 Ῥωμαίων
800 1877 969 1952 πολιτείας
988 1875 1161 1959 ίστοροῶν-
1175 1900 1201 1940 15

143 2006 199 2060 τες
223 1977 279 2047 διὰ
301 1977 499 2060 ταύταςτὰς
517 1984 625 2060 αίτίας
641 1982 815 2067 κληθῆναί
830 1997 913 2066 φασι
936 1975 1016 2058 τοὺς
1034 1976 1163 2066 ἄνδρας

145 2089 296 2166 ἐκείνους
327 2089 487 2176 πατέρας,
501 2088 558 2156 καὶ
588 2084 668 2166 τοὺς
705 2085 866 2171 ἐκγόνους
897 2082 1010 2156 αὐτῶν
1047 2108 1162 2172 πατρι-

144 2199 256 2278 κίους,
288 2197 323 2262 oc
345 2193 382 2261 δέ
405 2192 490 2282 πρὸς
510 2191 571 2262 τὸν
595 2197 687 2262 ίδιον
710 2191 849 2280 φθόνον
872 2190 1101 2280 ἀναφέροντες
1123 2190 1161 2262 τὸ

87 2303 286 2388 τῦσπράγμα
315 2301 372 2370 καὶ
400 2298 639 2386 διαβάλλοντες
666 2304 714 2380 είς
742 2301 942 2386 δυσγένειαν
969 2297 1031 2386 τὴν
1061 2298 1161 2370 πόλιν

145 2405 188 2474 οό
217 2404 273 2474 διὰ
304 2409 409 2476 ταῦτα
435 2412 631 2496 πατρικίους
664 2409 814 2487 ἐκείνους
844 2409 1020 2493 κληθῆναί
1045 2426 1161 2494 φασιν,
1175 2435 1203 2475 εο

144 2511 219 2581 ἀλλ’
246 2511 298 2582 ότι
320 2515 464 2603 πατέρας
493 2511 585 2601 είγον
614 2511 788 2596 ἀποδείξαι
816 2512 932 2602 μόνοι,
962 2510 1007 2594 ῶς
1033 2517 1101 2584 τῶν
1124 2539 1162 2599 γε

144 2619 259 2689 ἄλλων
288 2624 461 2709 δραπετῶν
491 2619 601 2689 όντων
630 2622 687 2689 καὶ
720 2618 781 2690 οὐκ
813 2619 961 2708 ἐχόντων
995 2619 1162 2709 ὀνομάσαι

143 2730 288 2814 πατέρας
317 2731 527 2817 ἐλευθέρους.
577 2727 758 2816 τεκμήριον
786 2727 824 2796 δὲ
853 2727 976 2798 τούτου
998 2728 1202 2816 παρέχον-4

143 2853 213 2920 σιν,
237 2833 289 2904 ὅτι
311 2834 391 2916 τοὺς
410 2835 471 2922 μέν
494 2841 701 2922 πατρικίους,
725 2833 824 2904 ὁπότε
844 2835 951 2918 δόξειε
973 2847 1045 2915 τοῖς
1066 2840 1162 2920 βασι-

107 2968 109 2974 ’
144 2944 240 3008 λεῦσι
264 2949 459 3026 συγκαλεῖν,
489 2944 524 3010 οί
543 2940 687 3030 κήρυκες
709 2943 743 3023 ἐξ
772 2938 938 3029 ὀνόματός
964 2941 1077 3010 τεκαὶ
1100 2964 1200 3016 noc-25

143 3046 272 3133 τρόθεν
304 3045 533 3134 ἀνηγόρευον,
569 3046 649 3127 τοὺς
686 3041 725 3116 δέ
761 3044 962 3135 δημοτικοὺς
997 3044 1161 3132 ὑπηρέται

144 3151 235 3234 τινες
262 3151 415 3240 ἀδρόονς
441 3156 559 3242 κέρασι
585 3160 712 3242 βοείοις
740 3157 993 3242 ἐμβυκανῶντες
1022 3153 1075 3220 ἐπὶ
1102 3151 1161 3232 τὰς

215 3349 429 3474 μπληιρίουςΒ
485 3349 597 3431 ι14καί
616 3349 712 3406 om.B
775 3355 810 3404 20
829 3347 967 3417 *φασιΟ
1031 3351 1065 3402 27
1085 3366 1160 3410 τινες

144 3414 296 3553 ριῑῗνρὲριτειςδ
307 3463 332 3545 Β,
352 3437 427 3504 corr..
441 3421 545 3494 Remke
570 3415 698 3492 ἀθρόους
715 3420 767 3476 καὶ
784 3419 884 3488 κέρασι
902 3418 1039 3474 Bfioheler
1055 3421 1059 3487 Ι
1077 3414 1128 3492 ἐκβ
1148 3450 1160 3458 -
