2670 3984
618 218 784 270 „A-

193 381 341 448 τέθειται
363 383 424 447 τοῦ
451 405 486 447 τε
515 375 681 464 ἀσβέστου
708 375 859 467 πυρόςὴ
888 377 1022 467 φυλακὴ
1045 381 1102 448 καί
1125 389 1159 449 εί
1177 407 1210 449 τι
1316 379 1317 382 '

194 483 276 554 άλλο
299 485 552 573 θρησκεύεσθαι
579 487 625 576 τῷ
648 488 752 576 κοινῷ
777 482 833 552 διὰ
856 487 1041 573 παρθένων
1063 485 1211 574 νόμιμον

129 594 176 665 ,,4
193 584 248 679 ἦν.
289 597 426 679 ἔπραττε
446 592 483 660 δὲ
504 588 656 679 Ἀμόλιος
674 595 774 660 τοῦτο
793 589 862 678 μετ’
885 590 1062 680 ὀνομάτων
1084 597 1211 680 καλῶν,

196 696 241 779 ὡς
262 697 362 786 τιμὴν
384 703 430 791 τῷ
453 699 545 785 γένει
567 699 623 766 καὶ
649 697 779 786 κόσμον
802 700 986 784 περιτιθεὶς
1010 698 1087 768 οὔτε
1109 699 1212 778 αὐτὸς

167 804 458 893 σείσηγησάμενος
480 803 541 874 τὸν
564 805 673 892 νόμον
691 803 793 873 τόνδε
812 803 889 873 οὔτε
906 810 1010 897 κοινῷ
1030 805 1104 875 όντι
1122 811 1211 895 πρῶ-

192 938 254 980 τον
282 910 475 999 ἀναγκάσας
501 915 569 980 τῶν
599 913 636 979 ἔν
666 909 827 998 άξιτόματι
855 915 1003 1000 χρῆσθαι
1030 911 1091 982 τὸν
1115 910 1211 981 ἀδελ-

194 1017 279 1105 φόν,
303 1020 341 1086 ἔν
369 1023 441 1086 ἔθει
470 1017 508 1085 δέ
535 1031 606 1097 τοῖς
625 1014 800 1104 Ἀλβανοῖς
826 1019 883 1086 καὶ
909 1021 946 1086 έν
973 1023 1064 1111 καλῷ
1089 1016 1131 1088 όν
1153 1017 1212 1099 τὰς

195 1123 431 1211 εὐγενεστάτας
458 1122 727 1192 ἀποδείκνυσθαι
754 1124 857 1212 κόρας
887 1129 947 1212 τῆς
972 1122 1103 1206 Ἑστίας
1130 1150 1211 1213 προ-

194 1230 329 1311 πόλους.
372 1229 453 1298 όδέ
470 1233 631 1319 Νεμέτωρ
655 1229 861 1319 αἰσθόμενος
880 1229 941 1299 οὐκ
962 1229 1027 1301 άπὸ
1050 1236 1111 1301 τοῦ
1134 1240 1265 1320 δελ-195
1318 1255 1319 1324 3

156 1356 183 1395 1⁰
196 1343 312 1406 τίστου
334 1340 438 1406 ταῦτα
460 1335 649 1424 πράττοντα
671 1334 732 1405 τὸν
755 1335 906 1425 ἀδελφὸν
934 1335 1039 1426 ὀργὴν
1058 1336 1211 1426 φανερὰν

197 1440 258 1511 οὐκ
282 1445 441 1528 ἐποιεῖτο,
464 1446 522 1510 ἵνα
545 1439 590 1530 μὴ
613 1445 658 1533 τῷ
683 1441 777 1534 δήμω
801 1440 994 1530 ἀπέχθοιτο,
1018 1441 1210 1534 άπόρρητον

197 1548 235 1617 δὲ
258 1549 435 1618 καὶτοῦτο
460 1548 623 1636 έφόλαττε
646 1548 684 1617 τὸ
710 1553 864 1636 ἔγκλημα.

286 1657 448 1724 LXXVII.
485 1651 637 1747 Τετάρτρι
657 1652 689 1722 δ”
709 1653 854 1744 ὕστερον
873 1662 938 1724 ἔτει
960 1654 1022 1744 τὴν
1038 1655 1141 1725 Ἰλίαν
1161 1660 1210 1726 έλ-

196 1766 332 1830 θοῦσαν
351 1767 399 1842 είς
422 1761 515 1851 ίερὸν
539 1757 773 1850 άλσοςἈρεος
795 1759 919 1842 ὕδατος
942 1759 1050 1848 ἁγνοῦ
1072 1767 1211 1852 κομιδῆς

157 1895 183 1936 τε
198 1871 305 1955 ἕνεκα,
329 1861 356 1961 ᾦ
379 1867 462 1956 πρὸς
485 1868 543 1950 τὰς
561 1875 686 1948 θυσίας
709 1873 823 1956 ἔμελλε
842 1870 1044 1956 χρήσασθαι,
1066 1870 1216 1957 βιάζεταί

196 2002 246 2057 τις
269 1979 306 2045 έν
329 1981 374 2069 τῷ
398 1979 536 2064 τεμένει.
577 1979 700 2044 τοῦτον
724 1977 764 2044 δέ
784 2000 874 2055 τινες
897 1975 958 2063 μὲν
981 1973 1211 2063 ἀποφαίνουσι

197 2088 265 2152 τῶν
289 2082 492 2171 μνηστήρων
521 2084 581 2150 ἔνο
608 2082 770 2168 γενέσθαι
797 2085 856 2168 τῆς
878 2082 981 2171 κόρης
1004 2084 1132 2171 έρῶυτα
1154 2088 1212 2170 τῆς

196 2195 384 2277 παιδίσκης,
404 2193 439 2257 οί
456 2189 494 2258 δέ
514 2187 621 2258 αὐτὸν
637 2187 794 2274 Ἀμόλιον
809 2186 871 2258 οὐκ
889 2191 1070 2276 ἐπιθυμίας
1084 2193 1212 2276 μᾶλλον

196 2293 421 2384 ἢέπιβουλῆς
448 2297 545 2364 ἕνεκα
572 2294 789 2382 φραξάμενόν
816 2321 851 2363 τε
880 2293 996 2377 ὅπλοις
1023 2293 1069 2377 ὡς
1096 2299 1211 2383 έκπλη-

158 2428 184 2468 εο
197 2401 396 2482 κτικοότατος
419 2400 636 2490 ὀφθήσεσθαι
655 2407 768 2488 ἔμελλε
788 2401 901 2470 καὶτὸ
921 2407 979 2490 τῆς
999 2401 1107 2486 ὄψεως
1125 2403 1212 2490 γνά-

198 2535 299 2597 ριμον
333 2514 380 2589 είς
412 2507 539 2596 ἀσαφὲς
568 2505 613 2588 ὡς
645 2507 787 2596 μάλιστα
820 2507 963 2577 έδόνατο
991 2509 1212 2578 καθιστάντα·
1320 2597 1321 2606 ¹

158 2619 234 2687 2οί
260 2614 297 2682 δέ
324 2622 472 2682 πλεῖστοι
504 2619 740 2702 μυθολογοῦσι
773 2618 834 2684 τοῦ
864 2619 1026 2702 δαίμονος
1058 2619 1212 2702 είδωλον,

199 2715 240 2792 οὗ
263 2719 301 2790 τὸ
325 2727 451 2810 χωρίον
473 2713 530 2808 ἦν,
552 2719 660 2790 πολλὰ
679 2721 735 2790 καὶ
758 2719 843 2790 άλλα
865 2725 910 2814 τῷ
930 2721 1034 2789 πάθει
1053 2722 1215 2810 δαιμόνια
1320 2715 1321 2718 “

199 2834 280 2918 ἔργα
295 2827 585 2917 (προσάπτοντες)
595 2825 695 2916 ἡλίου
708 2853 743 2896 τε
757 2826 953 2915 άφανισμδν
967 2855 987 2896 α
990 2831 1143 2917 ίφνίδιον
1157 2831 1216 2898 καὶ

260 2984 407 3077 7δὶ]δὴ
428 3005 450 3044 ο.
470 2989 627 3044 Bfloheler
668 2988 794 3043 9ταῦτα
813 2982 866 3044 οόκ
884 2983 942 3043 άπὸ
962 2989 1012 3043 τοῦ
1033 2989 1214 3075 βελτίστουΒ
1320 2987 1321 2994 '

201 3067 233 3116 10
253 3055 341 3131 ὀργὴν
361 3009 456 3130 μένο,
475 3059 565 3114 Cobet
583 3059 648 3114 Obs.
673 3078 701 3129 p.
721 3063 755 3114 35
830 3067 862 3114 12
886 3060 969 3114 τοῦτο
994 3057 1118 3130 ἔγκλημα
1142 3055 1215 3145 έφό-

199 3137 280 3187 λαττε
300 3134 325 3186 Α
343 3131 427 3186 τοῦτο
447 3126 663 3200 ἐφυλάττετο
637 3149 669 3184 το
690 3125 730 3200 έγ.
744 3131 855 3186 Boorr.
876 3129 964 3186 Cobess
981 3131 999 3186 l.
1015 3131 1033 3186 l.
1094 3135 1127 3185 15
1146 3126 1215 3200 χρή-

200 3207 308 3258 σασθαι
326 3203 349 3256 Β
367 3202 492 3272 χρῆσθαι
510 3203 536 3256 R
609 3208 641 3255 17
660 3202 711 3270 τῆς
728 3196 815 3270 κόρης
840 3201 894 3256 del.
913 3201 1058 3272 Bficheler,
1080 3201 1130 3270 τῆς
1147 3221 1215 3256 ποιι-

200 3275 298 3342 δίσκης
317 3274 371 3327 del.
392 3273 503 3342 Sauppe
521 3273 593 3342 Eph.
614 3272 823 3360 Gott.1861p.
840 3277 917 3342 1864,
937 3243 1086 3340 έρωντατ.
1105 3292 1135 3329 π.
1159 3273 1214 3326 del.

200 3345 311 3400 Urlichs
329 3345 385 3400 Eos
402 3345 415 3398 I
433 3361 461 3413 p.
481 3349 534 3398 324
607 3351 640 3398 19
659 3339 738 3406 οἷς
720 3361 799 3406 ωςο.
814 3293 968 3399 Μειιλιιιιοτρ
970 3345 1042 3398 Anu.
1057 3343 1128 3414 phil
1143 3349 1214 3398 1877

199 3435 227 3502 p.
242 3422 294 3472 830
339 3422 437 3484 22-p.
454 3421 505 3470 125
522 3421 538 3470 ὅ
557 3417 689 3484 corrupta
703 3417 798 3470 censet
810 3415 986 3470 Meutznerl.
1001 3416 1020 3470 l.
1075 3421 1110 3470 24
1128 3431 1214 3484 προσ-

199 3483 338 3549 άπτοντες
356 3485 420 3541 add.
441 3485 620 3541 casaubonus
638 3502 691 3541 om.
712 3485 918 3556 ΟΙαίφνίδιον
937 3503 990 3541 om
1010 3487 1035 3540 A
