2660 3986
558 265 591 274 -
630 239 724 288 1²-—
1083 235 1149 300 343

132 423 189 466 νοι
212 396 412 482 βιασθέντες
433 391 499 463 ὑπὸ
526 397 588 463 τοῦ
606 391 779 482 Ῥωμαίων
804 398 941 463 ἱππικοῦ
964 396 1020 464 καὶ
1042 396 1150 476 πολὺς

133 502 248 572 αὐτῶν
275 507 404 589 γίνεται
431 500 539 589 φόνος
572 503 609 569 έν
639 505 680 590 τή
708 504 816 590 φυγή,
839 499 996 588 Ῥωμαῖοι
1028 501 1065 570 δδ
1095 529 1149 571 νε-

134 609 236 699 κρούς
267 635 302 676 τε
333 611 402 676 τῶν
434 612 604 693 πολεμίων
638 606 881 688 σκυλεύσαντες
911 608 967 676 καὶ
996 607 1149 695 χρήματα

135 713 197 784 ὅσα
220 707 263 800 ήν
288 716 325 782 έν
348 717 396 806 τῷ
418 712 537 803 χάρακι
555 711 801 800 διαρπάσαντες
823 717 883 800 τῆς
904 741 940 782 τε
958 713 1068 803 χώρας
1086 714 1158 807 τήν

88 911 93 918 Ι
133 826 328 909 κρατίστην
343 819 605 907 λεηλατήσαντες
635 818 784 909 ἀπῄεσαν
815 818 865 889 ’ἐπ’
895 829 1000 889 οίκον.
1048 825 1176 890 τοῦτοί

133 927 171 998 τὸ
198 931 292 1007 τέλος
321 932 439 1013 έλαβεν
468 924 486 994 ό
511 925 640 1014 συμβὰς
664 925 838 1014 Ῥωμαίοις
864 925 948 1013 πρὸς
975 933 1149 1015 Σαβίνους

133 1034 278 1121 πόλεμος
301 1034 354 1101 ἐπὶ
376 1036 435 1119 τῆς
462 1032 594 1102 Ἰόλλου
617 1031 728 1122 ἀρχῆς.
1250 1020 1263 1036 ’

223 1141 392 1208 ΧΧΧΙΠΙ.
424 1142 472 1207 Ac
498 1138 535 1208 δέ
563 1144 630 1208 τῶν
654 1145 812 1210 Λατίνων
841 1141 956 1222 πόλεις
974 1139 1149 1230 Ῥωμαίοις

20 1333 22 1338 ,
81 1281 85 1286 ·
132 1249 291 1334 ἐγένοντο
321 1246 481 1336 διάφοροι
508 1245 583 1315 τότε
610 1251 760 1336 πρῶτον,
789 1246 851 1317 οὐκ
878 1247 1032 1332 ἀξιοῦσαι
1055 1273 1148 1317 κατε-

133 1356 326 1442 σκαμμένης
347 1357 406 1441 τῆς
426 1352 599 1440 Ἀλβανῶν
618 1352 746 1434 πόλεως
764 1363 834 1434 τοῖς
856 1353 1064 1445 ἀνῃρηκόσιν
1088 1353 1147 1422 αὐ·
1163 1378 1189 1419 10

133 1461 197 1547 τήν
216 1459 391 1549 Ῥωμαίοις
412 1459 475 1548 τήν
497 1459 681 1547 ἡγεμονίαν
704 1460 939 1549 παραδιδόναι.
981 1463 1065 1530 ἐτῶν
1083 1459 1148 1549 μάρ

134 1571 385 1656 διαγενομένων
412 1570 649 1636 πεντεκαίδεκα
676 1564 758 1653 μετὰ
783 1564 843 1635 τὸν
871 1565 1067 1654 ἀφανισμὸν
1089 1571 1149 1655 τής

123 1671 249 1759 ’Ἄλβας
276 1679 453 1760 πρεσβείας
484 1671 683 1752 ἀποστείλας
715 1669 733 1740 ὁ
760 1675 829 1740 τῶν
852 1669 1025 1760 Ῥωμαίων
1054 1679 1148 1759 βασι-

132 1778 211 1860 λεὺς
238 1786 286 1860 είς
312 1779 371 1860 τάς
398 1777 559 1859 ἀποίκους
585 1806 621 1848 τε
650 1781 706 1848 καί
734 1775 905 1866 ὑπηκόους
932 1777 1034 1866 αὐτῆς
1055 1777 1148 1867 τριό-

14 1885 15 1888 '
132 1913 237 1956 κοντα
267 1886 383 1967 πόλεις
417 1884 515 1973 ἠξίου
550 1891 733 1972 πείθεσθαι
768 1899 839 1966 τοῖς
875 1883 940 1954 ὑπὸ
973 1882 1147 1972 Ῥωμαίων
1162 1910 1188 1951 τε

78 1995 421 2081 σΙλέπιταττομένοις,
454 1989 499 2072 ὡς
534 1991 791 2081 παρειληφότων
828 1988 942 2060 αὐτῶν
978 1989 1047 2079 ἅμα
1078 2006 1149 2072 τοῖς

133 2100 250 2182 ἀλλοις
270 2096 320 2181 οἷς
342 2099 434 2188 είχον
455 2098 611 2186 Ἀλβανοὶ
628 2099 685 2168 καὶ
707 2098 768 2186 τήν
791 2090 1061 2186 ήμεμονίαν’“τοῦ
1079 2106 1148 2168 Λα-

133 2213 238 2277 τίνων
262 2213 398 2294 ἔθνους,
423 2206 486 2276 δόο
511 2206 572 2293 μὲν
596 2203 797 2292 ἀποφαίνων
818 2204 965 2291 τρόπους
986 2205 1148 2293 κτήσεων,

133 2313 214 2383 καθ’
242 2311 301 2394 οὓς
329 2312 507 2401 ἀνθρωττοι
534 2317 688 2400 γίνονται
714 2315 783 2380 τῶν
811 2309 997 2400 ἀλλοτρίων
1025 2312 1148 2400 κύριοι,

133 2422 195 2490 τόν
218 2447 253 2490 τε
276 2419 461 2509 ἀναγκαῖον
479 2417 618 2489 καὶτὸν
643 2418 810 2505 ἑκούσιον,
828 2416 1012 2505 Ῥωμαίους
1035 2419 1073 2487 δὲ
1096 2421 1147 2488 λέ-
1162 2441 1189 2482 εο

132 2555 204 2615 μων
236 2526 317 2596 καθ’
352 2527 510 2615 ἑκάτερον
546 2525 607 2595 τὸν
643 2525 771 2615 τρόπον
807 2526 1050 2613 παρειληφέναι
1085 2524 1147 2613 τήν

132 2632 318 2722 ἡγεμονίαν
348 2625 397 2703 ὧν
423 2631 516 2721 είχον
541 2632 698 2720 Ἀλβανοί
724 2631 866 2701 πόλεων.
916 2639 1085 2720 πολεμίων
1111 2630 1187 2703 τε2

133 2739 198 2828 μάρ
222 2739 335 2810 αὐτῶν
359 2760 456 2829 σφισι
474 2740 669 2827 γενομένων
687 2751 759 2818 τοῖς
777 2736 893 2818 όπλρις
911 2741 1148 2828 κεκρατηκέναι

133 2848 190 2914 καὶ
222 2845 284 2935 τήν
316 2847 417 2916 πόλιν
453 2845 515 2934 τήν
549 2847 677 2914 ἑαυτῶν
709 2843 938 2914 ἀπολωλεκόσι
969 2851 1028 2932 τής
1060 2850 1148 2926 ίδίας

133 2951 250 3034 αὐτοῖς
281 2956 559 3042 μεταδεδωκέναι·
597 2951 681 3022 ὥστε
714 2953 770 3020 καὶ
801 2950 945 3019 ἄκουσιν
974 2950 1148 3038 Ἀλβανοίς
1162 2973 1189 3014 ω

132 3062 189 3128 καὶ
222 3063 336 3130 ἑκοῦσι
367 3059 550 3148 προσήκειν
582 3059 754 3142 έξεστάναι
780 3055 955 3145 Ῥωμαίοις
990 3062 1048 3144 τής
1078 3063 1146 3127 τῶν

131 3167 293 3256 ὑπηκόων
317 3167 429 3257 ἀρχῆς.
471 3171 508 3236 αί
530 3168 567 3236 δὲ
589 3171 657 3236 τῶν
676 3169 836 3236 Λατίνων
859 3165 973 3245 πόλεις
992 3168 1062 3256 ίδίηι
1086 3165 1148 3253 μὲν
1167 3170 1188 3235 3

206 3371 221 3420 6
241 3365 368 3436 σαβίνοις
386 3364 433 3418 Ba
505 3371 521 3420 9
540 3359 675 3432 διάφοροι
693 3361 757 3418 τότε
777 3361 889 3430 πρῶτον
910 3360 932 3414 Β
950 3356 1013 3414 τότε
1033 3377 1061 3414 π.
1082 3361 1107 3414 δ.
1123 3362 1148 3416 R

135 3442 167 3490 11
187 3431 418 3522 πμραδιδόναιΒ
437 3435 619 3504 παραδοῦναι
632 3435 658 3488 R
726 3439 759 3488 13
773 3431 960 3518 πρερβείαςΒ
978 3429 1109 3518 πρέσβεις
1122 3433 1148 3486 R

134 3512 168 3561 17
188 3525 237 3568 ους
255 3509 280 3561 Α
354 3513 388 3561 23
408 3507 488 3575 σφίσι
506 3507 528 3559 Β
548 3507 641 3561 om.R
696 3511 729 3560 26
749 3503 944 3574 προσηκεινΒ
967 3505 1146 3572 προοηκειΒ
