2682 3982
622 237 788 288 ..Γ-

199 391 312 482 προότη
340 391 400 462 τὸν
429 396 584 464 σωθέντα
610 389 762 480 ἀδελφὸν
791 391 949 458 ποθοῦσα
969 387 1027 458 καλ
1054 385 1113 467 τὰς
1137 384 1274 474 ἀρε-462
1315 479 1316 482 ¹

199 497 258 579 τὰς
283 503 352 569 τῶν
379 500 595 588 τεθνηκότων
627 497 705 586 παρ’
736 494 842 566 αὐτού
871 505 995 584 μαθεῖν
1025 495 1223 582 βουλομένη

199 610 268 674 τόν
300 604 520 694 εὐσχημόνων
552 604 709 696 ὑπερίδοι
740 601 936 691 γυναικεῖόν
968 627 1000 670 τι
1031 599 1225 688 πάσχουσα.

160 714 181 778 3
200 709 221 798 ή
250 709 289 780 δέ
315 709 381 799 ἀρα
409 711 450 782 ού
473 712 552 794 τοὺς
575 711 743 801 ἀδελφοὺς
769 713 928 778 ποθοῦσα
949 707 1008 790 τάς
1031 706 1225 795 ἀσυνήθεις
1315 781 1316 804 ἢ

137 810 140 816 ’
172 817 383 907 σέτόλμησεν
419 821 569 902 ἐξελθεῖν
606 817 728 904 ὁδούς,
765 813 839 885 ἀλλ’
873 821 970 903 ἔρωτι
1005 814 1222 902 κρατουμένη

199 929 268 994 τῶν
290 923 442 1007 ἀνεψιῶν
466 925 551 1012 ἑνός,
574 916 601 1020 ᾦ
625 923 889 1012 καθωμολόγητο
918 919 984 990 ὑπὸ
1009 917 1224 1009 τοῦπατρὸς

201 1032 254 1101 έπλ
276 1030 384 1122 γάμῳ,
406 1033 462 1100 καὶ
480 1031 675 1120 κρύπτουσα
696 1029 865 1110 τὸπάθος
885 1027 1078 1117 ἀπόρρητον
1102 1027 1222 1116 ἐπειδὴ

202 1137 266 1222 [δέ]
289 1140 357 1206 τόν
385 1135 450 1206 ἀπὸ
479 1141 540 1206 τού
569 1139 796 1226 στρατοπέδου
823 1135 916 1217 τινὸς
945 1135 1090 1224 ἤκουσεν
1113 1132 1221 1220 ἀπαγ-

200 1245 379 1330 γέλλοντος
405 1245 446 1312 τά
472 1244 549 1334 περὶ
575 1243 637 1332 τήν
660 1245 786 1333 μάχην,
810 1241 921 1313 ούκέτι
943 1245 1117 1330 κατέσχεν,
1139 1239 1218 1310 ἀλλ’

162 1367 189 1408 1⁰
203 1351 382 1417 ἐκλιποῦσα
418 1347 481 1437 τήν
518 1353 627 1418 οίκίαν
665 1349 775 1438 ὥσπερ
813 1353 851 1418 αί
884 1348 1046 1438 μαινάδες
1081 1350 1222 1436 ἐφέρετο

201 1453 286 1544 πρὸς
311 1453 370 1536 τὰς
396 1454 503 1536 πύλας
529 1453 631 1525 οὐδὲν
659 1459 923 1545 ἐπιστρεφομένη
950 1459 1010 1543 τής
1031 1453 1223 1538 ἀνακαλού-

102 1605 115 1628 .
162 1563 264 1648 4σης
285 1587 320 1631 τε
342 1563 398 1629 καὶ
421 1562 693 1650 μεταδιωκούσης
720 1567 859 1651 τροφοῦ.
906 1565 966 1644 ἔξω
992 1562 1030 1631 δέ
1051 1565 1221 1650 γενομένη

201 1671 261 1754 τής
282 1667 411 1750 πόλεως
433 1667 479 1750 ὡς
500 1668 562 1739 τὸν
584 1669 735 1758 ἀδελφὸν
763 1668 832 1738 εἶδε
858 1668 1127 1759 περιχαρή·τοὺς
1149 1672 1222 1738 έπι-

202 1779 332 1856 νικίους
355 1777 563 1864 ἐπικείμενον
587 1777 789 1864 στεφάνους,
814 1771 865 1857 οἷς
890 1773 994 1845 αὐτὸν
1018 1775 1036 1845 ὁ
1060 1775 1224 1863 βασιλεὺς

163 1906 189 1947 15
204 1879 361 1968 ἀνέδησε,
388 1883 444 1950 καὶ
471 1883 551 1963 τοὺς
573 1884 732 1974 ’ἑταίρους
759 1881 864 1952 αύτού
894 1885 1059 1971 φέροντας
1085 1881 1125 1950 τά
1148 1887 1222 1951 τεόν

202 1991 465 2076 πεφονευμένων
489 1993 608 2077 σκῦλα,
637 1992 674 2059 έν
699 1985 750 2070 οἷς
772 1982 815 2078 ήν
838 1992 962 2070 πέπλος
983 1993 1148 2076 ποικίλος,
1177 1985 1222 2058 ὃν

203 2093 287 2182 αὐτή
312 2094 393 2182 μετὰ
416 2099 475 2183 τής
493 2097 616 2185 μητρὸς
640 2096 834 2185 ἐξυφήνασα
854 2100 900 2189 τῷ
920 2099 1086 2184 μνηστῆρι
1105 2097 1222 2183 θόρον

204 2206 252 2282 είς
282 2202 343 2270 τὸν
376 2205 539 2288 μέλλοντα
570 2201 681 2290 γάμον
709 2201 904 2272 ἀπεστάλκει
935 2203 1121 2292 (ποικίλους
1152 2201 1221 2287 γάρ

204 2313 285 2388 ἔθος
307 2308 398 2376 ἐστὶν
422 2307 691 2397 ἀμφιέννυσθαι,
699 2311 846 2388 πέπλους
866 2314 1025 2376 Λατίνων
1046 2322 1116 2388 τοῖς
1139 2327 1276 2396 μετ-463

163 2437 191 2478 κο
205 2419 296 2483 ιούσι
322 2413 381 2494 τὰς
403 2413 565 2504 νύμφας),
583 2419 705 2484 τοῦτον
730 2413 772 2502 δή
790 2415 851 2484 τὸν
874 2417 1003 2484 πέπλον
1015 2415 1221 2502 θεασαμένη

203 2521 420 2607 πεφυρμένον
453 2524 566 2608 αἵματι
598 2521 658 2590 τόν
690 2546 725 2590 τε
757 2526 882 2610 χιτῶνα
912 2521 1133 2612 κατερρήξατο
1163 2523 1223 2590 καὶ

204 2640 275 2705 ταῖς
303 2627 418 2712 χερσὶν
446 2624 651 2714 ἀμφοτέραις
677 2631 824 2696 παίουσα
850 2627 888 2698 τὸ
923 2631 1049 2716 στήθος
1080 2626 1223 2715 ἐθρήνει

203 2732 260 2799 καὶ
283 2729 474 2800 ἀνεκαλεῖτο
498 2730 558 2800 τὸν
580 2731 735 2820 ἀνεψιόν,
759 2731 843 2802 ὥστε
865 2732 993 2822 πολλὴν
1016 2733 1222 2820 κατάπληξιν

205 2841 372 2906 είσελθεϊν
401 2837 550 2920 ἅπαντας
574 2837 649 2909 ὅσοι
671 2839 753 2909 κατὰ
781 2839 841 2908 τὸν
867 2839 971 2910 αὐτὸν
994 2831 1081 2928 ἦσαν
1104 2840 1223 2910 τόπον.

165 2915 486 3045 ξέἀνακλαυσαμένη
511 2946 549 3016 δέ
570 2945 631 3016 τὸν
654 2947 762 3037 μόρου
792 2951 853 3016 τού
877 2951 1067 3037 μνηστῆρος
1088 2945 1223 3016 ἀτενέσι

206 3064 277 3131 τοῖς
296 3050 487 3140 ὀφθαλμοῖς
506 3059 553 3134 είς
566 3052 626 3123 τὸν
642 3052 792 3142 ἀδελφὸν
807 3052 871 3146 ὁρᾷ
889 3055 944 3122 καὶ
958 3057 1060 3141 λέγει·
1080 3055 1222 3144 Μιαροό-

205 3185 281 3227 τατε
303 3157 476 3248 ἄνθρωπε,
494 3167 621 3250 χαίρεις
645 3161 842 3242 ἀποκτείνας
859 3161 939 3242 τοὺς
957 3159 1118 3244 ἀνεψιούς
1135 3159 1223 3250 κάμὲ

278 3350 413 3427 1πρότη
436 3357 539 3412 Reiske
566 3356 724 3426 πρωτονΟ
808 3357 903 3413 στάν
925 3359 948 3412 Β
971 3375 1026 3414 om.
1049 3356 1075 3410 R
1150 3354 1223 3413 6έν

207 3443 262 3480 εσω
281 3427 306 3480 Α
378 3433 394 3481 λ
413 3427 463 3482 καλ
481 3424 650 3556 κρύπτουσα
665 3428 688 3483 Ο
708 3423 988 3500 κατακρύπτονσαο.
1004 3428 1168 3515 Schmith.
1184 3435 1222 3486 20
1315 3481 1316 3500 ¹

206 3493 275 3550 862
294 3497 349 3552 del.
368 3497 509 3570 Kiessling
582 3503 615 3554 15
636 3495 852 3572 ἓτ<αί>ρονςΒ
928 3505 962 3556 25
982 3496 1222 3572 μνήσκο>ροςΒ
1315 3501 1316 3514 ’
