2670 3984
533 235 700 288 -Α-
1062 235 1122 300 141

105 419 206 484 μενοι
230 393 268 462 δέ
289 391 374 482 πρὸς
395 397 499 462 ταῦτα
522 394 681 478 λέγουσιν
705 389 751 472 ὡς
774 391 792 460 ὁ
815 395 987 482 Νεμέτωρ,
1011 394 1125 483 ἐπειδὴ

104 501 170 589 τὴν
200 498 303 570 Ἰλίαν
337 506 424 587 ἔγνω
456 499 624 584 κύουσαν,
659 501 753 588 ἕτερα
784 500 1127 588 παρασκευασάμενος

104 613 227 676 παιδία
256 605 381 694 νεογνὰ
411 605 611 694 διηλλάξατο
639 605 800 692 τεκούσης
828 604 930 694 αὐτῆς
951 605 993 676 τὰ
1015 611 1124 695 βρέφη
1216 651 1219 658 ·

104 717 163 782 καὶ
186 713 228 783 τὰ
251 714 313 802 μὲν
337 711 459 783 ὀθνεῖα
488 715 613 782 δέδωκε
635 725 707 793 τοῖς
729 712 938 800 φυλάττουσι
965 712 1025 794 τὰς
1047 710 1126 782 άδί-

105 847 170 902 νας
198 818 383 908 ἀποφέρειν
412 828 478 888 είτε
506 817 685 906 χρημάτων
715 817 753 888 τὸ
780 818 901 888 πιστὸν
928 823 989 907 τῆς
1014 826 1128 908 χρείας
1153 849 1166 890 ε

106 925 223 1012 αὐτῶν
249 924 433 1012 πριάμενος
460 931 525 994 είνε
557 922 614 992 διὰ
644 927 816 1011 γυναικῶν
843 922 906 1012 τὴν
929 921 1126 1013 ὑπαλλαγὴν

107 1031 399 1121 μηχανησάμενος,
417 1032 472 1100 καὶ
492 1028 577 1100 αύτδι
594 1027 709 1117 λαβὼν
728 1026 882 1117 Ἀμόλιος
904 1029 969 1123 ὅτῳ
994 1031 1036 1118 δή
1058 1059 1126 1100 τινι

50 1138 226 1268 νιετρύπῳ
254 1137 397 1226 ἀναιρεῖ·
434 1135 474 1206 τὰ
503 1135 534 1204 δ’
566 1138 602 1204 ἐκ
638 1140 697 1222 τῆς
725 1135 825 1216 Ἰλίας
853 1136 1019 1224 γενόμενα
1050 1138 1126 1225 περὶ

106 1243 237 1326 παντὸς
272 1243 474 1331 ποιούμενος
506 1241 524 1312 ὁ
556 1243 779 1374 μητροπάτωρ
817 1243 1041 1328 διασώζεσθαι
1077 1248 1127 1314 δί-

109 1357 195 1421 δωσι
222 1356 268 1444 τῷ
299 1350 485 1442 Φαιστύλῳ.
531 1347 592 1420 τὸν
621 1349 659 1420 δὲ
690 1351 882 1420 Φαιστύλον
911 1355 1034 1422 τούτου
1055 1350 1126 1439 Ἀρ-
1142 1329 1167 1456 3⁰

106 1457 198 1528 κάδα
217 1421 329 1546 μέν
298 1464 389 1527 ειναί
405 1477 489 1545 φασι
511 1456 549 1526 τὸ
569 1455 709 1546 γένος’
689 1457 754 1528 απὸ
774 1462 843 1528 τῶν
863 1457 927 1527 σύν
946 1457 1126 1549 Εὐάνδρῳ,

106 1581 278 1635 κατοικεῖν
306 1565 345 1634 δὲ
371 1561 506 1652 περὶ
473 1591 510 1632 το
539 1565 756 1634 Παλλάντιον
787 1565 976 1654 ἐπιμέλειαν
1009 1570 1128 1652 ἔχοντα

107 1677 179 1742 τῶν
201 1671 358 1759 Ἀμολίου
379 1669 566 1758 κτημάτων.
598 1676 803 1758 χαρίσασθαι
822 1672 861 1741 δέ
875 1670 1099 1760 Νεμέτορι
1064 1699 1127 1758 την

109 1777 279 1868 ἐκτροφὴν
310 1781 378 1846 τῶν
415 1781 550 1846 παίδων
586 1775 740 1868 τάδελφῷ
772 1778 981 1866 πειθόμενον
1019 1777 1128 1866 ὄνομα

113 1891 295 1976 Φαυστίνῳ
326 1882 385 1964 τὰς
415 1884 491 1970 περὶ
521 1881 583 1952 τὸν
609 1881 801 1952 Αὐεντίνου
832 1886 1040 1972 τρεφομένας
1067 1888 1128 1952 τού
1143 1913 1168 1952 1⁵

109 1993 304 2080 Νεμέτορος
333 1989 454 2078 άνέλας
484 1988 750 2078 ἐπιτροπεύοντι·
786 1989 849 2076 τήν
879 2017 914 2059 τε
943 1995 1168 2077 τιθηνησα-4
1203 2029 1207 2043 =

110 2101 220 2186 μένην
243 2096 283 2166 τὰ
301 2101 419 2165 παιδία
436 2097 492 2164 καὶ
511 2095 659 2184 μαστούς
678 2099 881 2184 ἐπισχοῦσαν
904 2095 945 2165 ού
963 2097 1128 2166 λύκαιναν

111 2203 204 2274 εἷναί
224 2224 341 2292 φασιν,
363 2201 436 2271 ἀλλ’
465 2201 575 2290 ὥσπερ
600 2200 688 2282 είκὸς
710 2217 855 2290 γυναῖκα
877 2207 923 2295 τῷ
950 2201 1128 2292 Φαιστύλῳ

111 2315 342 2381 συνοικοῦσαν
362 2314 575 2398 Λαυρεντίαν
600 2301 759 2398 ὅνομα,ἦ
781 2308 1031 2398 δημοσιευούση
1049 2308 1129 2378 ποτέ

110 2417 175 2506 τὴν
192 2421 254 2486 τού
274 2415 427 2503 σώματος
445 2413 538 2504 ὥραν
558 2418 593 2483 οί
613 2417 689 2504 περὶ
707 2415 745 2484 τὸ
761 2416 979 2486 Παλλάντιον
1003 2419 1128 2504 διατρί-
1143 2433 1170 2474 ²⁰

112 2531 231 2611 βοντες
255 2525 427 2608 ἐπίκλησιν
452 2526 571 2590 ἔθεντο
599 2520 663 2608 τὴν
687 2521 843 2591 Λούπαν·
876 2528 945 2592 ἔστι
969 2522 1007 2590 δέ
1029 2527 1129 2591 τοῦτο

107 2628 307 2718 Ἑλληνικόν
339 2653 374 2696 τε
405 2628 461 2695 καὶ
493 2626 635 2716 ἀρχαῖον
673 2629 725 2697 ἐπὶ
757 2643 830 2708 ταῖς
861 2629 1131 2718 μισθαρνούσαις

114 2735 317 2826 τάφροδίσια
344 2737 614 2822 τνθέμενον,αδ
641 2740 707 2804 νύν
740 2733 983 2827 εὐπρεπεστέρα
1015 2735 1131 2823 κλησει

113 2845 242 2930 ἑταῖραι
264 2839 583 2970 προσαγορεύονται.
629 2839 840 2926 ἀγνοοῦντας
864 2843 902 2910 δέ
928 2870 1023 2922 τινας
1047 2841 1130 2912 αύτὸ

112 2947 297 3018 πλάσαι
264 2976 326 3017 τον
353 2949 429 3036 περὶ
456 2951 515 3034 τῆς
542 2952 703 3035 λυκαίνης
735 2951 867 3034 μύθου,
901 2949 1015 3035 ἐπειδη
1047 2948 1130 3016 κατὰ
1145 2975 1171 3016 ευ

186 3149 202 3197 2
222 3141 332 3198 ίλουίαν
350 3143 402 3198 ΒΤ
456 3143 600 3199 έδέδωκε
619 3143 670 3199 ΒΤ
690 3141 798 3199 ἔδωκεν
815 3146 882 3214 post
900 3138 1005 3204 άδῖνας
1023 3161 1049 3197 v.
1072 3151 1087 3197 5
1107 3143 1132 3197 Β,

114 3209 239 3300 θέπιφέ
235 3234 301 3302 ρειν
321 3215 344 3268 Τ
361 3217 365 3284 Ι
381 3210 431 3269 διὰ
454 3209 604 3284 χρημάτων
627 3215 757 3270 ο.Ρ1δεε
835 3221 850 3270 ’λ
874 3209 1065 3284 ποιησάμενος
1089 3212 1128 3280 ΤΙ

113 3281 242 3356 λαβαν
229 3305 244 3340 ο
265 3285 316 3340 ΒΤ
342 3305 399 3340 τινι
418 3303 473 3340 om.
493 3287 516 3340 Τ
598 3281 806 3372 θάναιρεῖται
818 3281 896 3340 ταΤ
923 3287 927 3353 Ι
953 3283 1061 3347 ίλουίας
1079 3283 1131 3340 ΒΤ

151 3362 186 3411 14
204 3351 337 3426 τάδελφ
316 3377 338 3430 ῳ
357 3356 485 3412 Ηεεθείο
498 3357 655 3415 HermenX
674 3375 701 3428 p
716 3363 768 3412 409
788 3351 902 3425 άδελφ
881 3377 903 3428 φ
923 3355 946 3410 Ο
1001 3361 1036 3410 15
1056 3350 1133 3409 Φαύ-

115 3445 209 3502 στῳο.
223 3377 328 3484 Εεὶεἰεέ
383 3433 416 3482 16
430 3425 672 3553 τιθησαμένηνΑ
715 3376 896 3482 κολούηται
911 3427 964 3482 ΑΒ
1018 3433 1052 3480 22
1067 3427 1134 3481 τεΒ

114 3483 184 3555 τιΒ
257 3505 292 3554 23
310 3495 346 3554 τά
366 3493 524 3569 άφροδίσια
542 3498 565 3553 Β
580 3491 618 3570 Ιη
639 3520 658 3554 α
660 3496 834 3554 ί.Αοίαιο
853 3497 957 3554 Βείεἰςυ
