2670 3984
205 185 306 294 τεο
625 229 788 282 -Β-

162 390 290 479 ὅμηρά
313 388 555 477 ἐπιτηδεύματα
579 390 748 456 ἐπιτελεῖν.
788 392 851 474 ἔφη
870 413 905 456 τε
922 389 1012 474 παρὰ
1030 391 1099 457 τῶν
1121 407 1220 474 πρεσ-

201 497 354 582 βντέρων
371 495 427 563 καὶ
446 493 503 563 διὰ
520 498 645 581 πολλῆς
663 497 812 582 ἱστορίας
831 495 1048 580 ἐληλυθότων
1066 492 1220 582 ἀκούειν,
1321 527 1322 580 ι

203 599 255 671 ὀτι
278 603 399 671 πολλαὶ
421 601 483 689 μὲν
510 598 661 670 ἀποικίαι
687 600 829 688 μεγάλαι
855 601 911 668 καὶ
939 605 987 681 είς
1013 599 1220 690 εὐδαίμονας

202 706 406 798 ἀφικόμεναι
432 707 572 794 τόπους,
602 712 640 776 αί
664 707 726 795 μὲν
754 707 873 776 αύτίκα
906 708 1143 798 διεφθάρησαν
1170 714 1221 790 είς

175 815 334 896 ιστάσεις
357 817 571 904 ἐμπεσοῦσαι,
594 819 632 884 αλ
653 813 685 883 δ’
707 813 825 902 ὀλίγον
849 811 1067 902 ἀντισχοῦσαι
1089 815 1219 904 χρόνον

200 920 345 1011 ὑπήκοοι
376 935 446 1004 τοῖς
478 921 721 1011 πλησιοχώροις
753 919 1020 1010 ἠναγκάσθησαν
1051 923 1273 1010 γενέσθαιεεε

200 1030 257 1098 καὶ
281 1027 358 1098 ἀντὶ
379 1035 570 1118 κρείττονος
592 1028 712 1116 χώρας,
736 1025 780 1116 ἣν
802 1031 974 1116 κατέσχον,
997 1027 1059 1116 τὴν
1082 1037 1219 1119 χείρονα

201 1135 307 1223 τύχην
335 1136 581 1218 διαλλάξασθαι
611 1140 733 1205 δούλαι
756 1137 789 1217 ἐξ
813 1137 1003 1224 ἐλευθέρων
1025 1138 1218 1224 γενόμεναι·
1322 1185 1323 1192 1

202 1242 311 1330 ἕτεραι
334 1240 366 1310 δ’
393 1241 647 1330 ὀλιγάνθρωποι
669 1245 726 1310 καὶ
748 1247 797 1323 εἰς
814 1248 919 1330 χωρία
943 1241 984 1312 ού
1003 1242 1094 1311 πάνυ
1117 1261 1219 1311 σπου-

163 1377 189 1420 ιο
203 1352 282 1417 δαϊα
314 1350 583 1438 παραγενόμεναι
620 1352 795 1438 ἐλεύθεραι
831 1349 894 1437 μὲν
925 1353 1075 1437 πρῶτον,
1107 1354 1220 1417 ἔπειτα

203 1456 234 1522 δ’
261 1456 382 1544 ἑτέρων
406 1455 571 1544 ἄρχουσαι
595 1458 797 1525 διετέλεσαν·
825 1457 881 1524 καὶ
904 1453 983 1525 οὔτε
1003 1469 1077 1536 ταῖς
1099 1454 1220 1546 εύπρα-

201 1567 291 1648 γίαις
317 1567 385 1632 τῶν
414 1561 540 1650 ὀλίγων
568 1561 645 1632 οὔτε
672 1577 745 1644 ταῖς
771 1567 965 1650 δυστυχίαις
991 1566 1059 1631 τῶν
1081 1567 1219 1632 πολλῶν

202 1669 318 1758 ἕτερόν
333 1697 372 1739 -τι
396 1666 417 1758 ἢ
440 1670 478 1740 τό
501 1675 562 1759 τῆς
583 1675 751 1750 πολιτείας
777 1674 885 1757 σχῆμα
912 1667 1074 1758 ὑπάρχειν
1098 1677 1220 1740 αἰτιον.
1323 1759 1324 1772 χ

164 1780 235 1845 vec
260 1776 322 1864 μἐν
350 1769 414 1845 οὖν
443 1783 501 1865 μία
531 1804 579 1857 τις
605 1769 648 1864 ἦν
676 1773 766 1865 παρά
794 1781 898 1845 πᾶσιν
920 1773 1116 1864 ἀνθρώποις
1138 1781 1220 1861 βίον
1323 1815 1324 1878 χ

163 1914 189 1956 ιι
202 1881 293 1964 τάξις
319 1880 340 1971 ἡ
363 1887 510 1953 ποιοῦσα
538 1881 742 1970 εὐδαίμονας
768 1881 828 1963 τόις
849 1881 976 1968 πόλεις,
1005 1879 1047 1950 ού
1070 1879 1219 1969 χαλεπὴν
1323 1893 1324 1900 ’

203 1985 245 2057 ἀν
278 1991 438 2077 γενέσθαι
470 1995 566 2077 σφίσι
597 1987 661 2076 τὴν
689 1993 820 2078 αἵρεσιν
847 1985 963 2076 αύτῆς·
999 1992 1066 2057 νύν
1094 1985 1126 2058 δ’
1152 1994 1219 2076 ἔφη

203 2095 328 2176 πολλὰς
351 2096 590 2165 πυνθάνεσθαι
613 2095 673 2176 τὰς
695 2095 900 2176 κατασκευὰς
925 2093 1004 2184 παρ’
1022 2094 1164 2183 Ἕλλησί
1183 2122 1220 2164 τε

201 2203 259 2270 καὶ
281 2202 467 2290 βαρβάροις
488 2201 719 2290 ὑπαρχούσας,
745 2215 834 2291 τρεῖς
857 2200 888 2270 δ’
910 2205 944 2285 έξ
966 2200 1107 2272 ἀπασῶν
1129 2204 1219 2271 έπαι-

202 2311 372 2396 νουμένας
398 2309 541 2397 μάλιστα
572 2305 637 2377 ἀπὸ
671 2312 739 2376 τῶν
771 2310 954 2397 χρωμένων
981 2307 1135 2396 ἀκούειν,
1162 2310 1220 2378 καλ
1324 2319 1325 2356 ³

162 2415 333 2486 εοτούτων
377 2414 538 2503 ούδεμίαν
579 2413 668 2483 εἶναι
712 2419 782 2484 τῶν
822 2419 1000 2484 πολιτειῶν
1042 2420 1219 2504 εἰλικρινῆ,

200 2535 376 2610 προσεῖναι
404 2525 445 2591 δέ
473 2549 568 2603 τινας
600 2521 721 2610 ἑκάστη
753 2526 857 2610 κῆρας
889 2521 1100 2610 συμφύτους,
1134 2520 1219 2605 ὥστε

201 2627 349 2717 χαλεπὴν
377 2626 490 2696 αύτῶν
519 2626 606 2697 εἶναι
633 2626 695 2716 τὴν
724 2632 863 2715 αἵρεσιν.
908 2627 1004 2716 ἠξίου
1031 2655 1066 2698 τε
1094 2627 1218 2710 αύτούς

200 2735 495 2822 βουλευσαμένους
521 2735 575 2804 ἐπὶ
603 2739 725 2822 σχολῆς
752 2739 857 2804 εἰπεῖν
886 2745 950 2803 είτε
973 2732 1035 2822 ἀφ’
1062 2733 1137 2816 ἕνός
1159 2734 1218 2824 ἀρ-

201 2850 321 2928 χεσθαι
344 2843 509 2910 θέλουσιν
530 2839 657 2931 ἀνδρὸς
679 2851 744 2910 εἴτε
770 2839 827 2910 ὑπ’
854 2839 979 2927 ὀλίγων
1002 2851 1068 2912 ελτε
1090 2842 1219 2930 νόμους

161 2976 187 3017 ει
200 2947 487 3035 καταστησάμενοι
523 2953 627 3017 πᾶσιν
659 2947 850 3017 ἀποδοῦναι
886 2947 948 3036 τὴν
984 2952 1053 3016 τῶν
1090 2953 1219 3018 κοινῶν

162 3058 182 3122 8
200 3061 415 3144 προστασίαν.
454 3052 538 3142 Ἐγὼ
559 3052 591 3123 δ’
611 3052 704 3143 ὑμῖν,
728 3060 805 3143 ἔφη,
822 3053 908 3142 πρὸς
924 3051 968 3141 ἣν
991 3051 1034 3123 ἀν
1052 3055 1276 3143 καταστή-εεε

202 3171 310 3248 σησθε
340 3167 512 3231 πολιτείαν
546 3160 706 3252 εὐτρεπὴς
736 3162 792 3230 καλ
831 3158 908 3230 ούτε
939 3160 1055 3251 ἀρχειν
1088 3158 1219 3244 ἀπαξιῶ
1252 3194 1260 3206 ·

273 3362 306 3412 13
325 3354 358 3412 τὸ
378 3357 471 3428 σχῆμα
488 3357 538 3426 τῆς
561 3359 704 3420 πολιτείας
722 3358 745 3411 Β
824 3361 857 3413 15
876 3352 894 3425 ἡ
914 3358 977 3412 αδδ.
998 3358 1020 3411 Β
1099 3363 1133 3413 16
1152 3362 1221 3428 σφί-

202 3443 247 3482 σιν
265 3430 290 3482 A
373 3433 405 3483 1⁷
424 3424 476 3490 τάς
494 3429 592 3483 om.A
673 3434 708 3483 25
727 3425 828 3498 κοινὴν
851 3429 938 3484 πᾶσιν
963 3445 986 3483 ο.
1006 3428 1109 3484 Reiske
1183 3437 1220 3486 26

201 3498 308 3567 προςῆν
327 3495 379 3553 ἐὰν
398 3501 423 3553 Α
440 3497 511 3570 πρὸς
528 3496 560 3554 τό
580 3498 651 3554 νέαν
668 3500 691 3553 Β
707 3502 711 3570 Ι
727 3494 962 3570 καταστήσασθαι
979 3501 1002 3554 Β
