<?xml version="1.0" encoding="UTF-8"?>
<!DOCTYPE html PUBLIC "-//W3C//DTD XHTML 1.0 Transitional//EN"
    "http://www.w3.org/TR/xhtml1/DTD/xhtml1-transitional.dtd">
<html xmlns="http://www.w3.org/1999/xhtml" xml:lang="en" lang="en">
 <head>
  <title>
</title>
<meta http-equiv="Content-Type" content="text/html;charset=utf-8" />
  <meta name='ocr-system' content='tesseract 3.04.00' />
  <meta name='ocr-capabilities' content='ocr_page ocr_carea ocr_par ocr_line ocrx_word'/>
</head>
<body>
  <div class='ocr_page' id='page_1' title='image "./dionysihalicarn05diongoog_0225.png"; bbox 0 0 2682 3982; ppageno 0'>
   <div class='ocr_carea' id='block_1_1' title="bbox 610 195 775 249">
    <p class='ocr_par' dir='ltr' id='par_1_1' title="bbox 610 195 775 249">
     <span class='ocr_line' id='line_1_1' title="bbox 610 195 775 249; baseline 0 -13"><span class='ocrx_word' id='word_1_1' title='bbox 610 195 775 249; x_wconf 86' lang='lat' dir='ltr'><strong><em>-B-</em></strong></span> 
     </span>
    </p>
   </div>
   <div class='ocr_carea' id='block_1_2' title="bbox 64 353 1325 3114">
    <p class='ocr_par' dir='ltr' id='par_1_2' title="bbox 64 353 1325 3114">
     <span class='ocr_line' id='line_1_2' title="bbox 186 353 1203 446; baseline -0.003 -22"><span class='ocrx_word' id='word_1_2' title='bbox 186 382 261 424; x_wconf 90' lang='grc' dir='ltr'><strong><em>τιον</em></strong></span> <span class='ocrx_word' id='word_1_3' title='bbox 283 357 340 424; x_wconf 79' lang='grc' dir='ltr'><strong><em>καὶ</em></strong></span> <span class='ocrx_word' id='word_1_4' title='bbox 362 353 441 435; x_wconf 80' lang='grc' dir='ltr'><strong><em>τοὺς</em></strong></span> <span class='ocrx_word' id='word_1_5' title='bbox 463 353 528 424; x_wconf 81' lang='grc' dir='ltr'><strong><em>σύν</em></strong></span> <span class='ocrx_word' id='word_1_6' title='bbox 552 357 668 446; x_wconf 77' lang='grc' dir='ltr'><strong><em>ἐκείνῳ</em></strong></span> <span class='ocrx_word' id='word_1_7' title='bbox 687 358 853 434; x_wconf 89' lang='grc' dir='ltr'><strong><em>νικῶντας</em></strong></span> <span class='ocrx_word' id='word_1_8' title='bbox 876 353 1034 440; x_wconf 84' lang='grc' dir='ltr'><strong><em>ἐγεγόνει.</em></strong></span> <span class='ocrx_word' id='word_1_9' title='bbox 1075 359 1203 442; x_wconf 92' lang='grc' dir='ltr'><strong><em>χρόνον</em></strong></span> 
     </span>
     <span class='ocr_line' id='line_1_3' title="bbox 187 454 1258 551; baseline 0.005 -23"><span class='ocrx_word' id='word_1_10' title='bbox 187 461 249 548; x_wconf 70' lang='grc' dir='ltr'><strong><em>μὲν</em></strong></span> <span class='ocrx_word' id='word_1_11' title='bbox 279 454 342 530; x_wconf 83' lang='grc' dir='ltr'><strong><em>οὖν</em></strong></span> <span class='ocrx_word' id='word_1_12' title='bbox 369 489 445 530; x_wconf 89' lang='grc' dir='ltr'><strong><em>τινα</em></strong></span> <span class='ocrx_word' id='word_1_13' title='bbox 479 465 514 530; x_wconf 85' lang='grc' dir='ltr'><strong><em>οί</em></strong></span> <span class='ocrx_word' id='word_1_14' title='bbox 535 467 682 548; x_wconf 80' lang='grc' dir='ltr'><strong><em>Σαβῖνοι</em></strong></span> <span class='ocrx_word' id='word_1_15' title='bbox 706 461 891 551; x_wconf 76' lang='grc' dir='ltr'><strong><em>δεξάμενοι,</em></strong></span> <span class='ocrx_word' id='word_1_16' title='bbox 911 459 991 542; x_wconf 82' lang='grc' dir='ltr'><strong><em>τούς</em></strong></span> <span class='ocrx_word' id='word_1_17' title='bbox 1014 458 1258 548; x_wconf 72' lang='grc' dir='ltr'><strong><em>Ῥωμαίουςκοσ</em></strong></span> 
     </span>
     <span class='ocr_line' id='line_1_4' title="bbox 187 565 1318 658; baseline 0.001 -23"><span class='ocrx_word' id='word_1_18' title='bbox 187 573 346 658; x_wconf 76' lang='grc' dir='ltr'><strong><em>λαμπρῶς</em></strong></span> <span class='ocrx_word' id='word_1_19' title='bbox 392 567 619 656; x_wconf 87' lang='grc' dir='ltr'><strong><em>ήγωνίσαντο,</em></strong></span> <span class='ocrx_word' id='word_1_20' title='bbox 666 574 777 638; x_wconf 79' lang='grc' dir='ltr'><strong><em>ἔπειτα</em></strong></span> <span class='ocrx_word' id='word_1_21' title='bbox 817 572 952 637; x_wconf 92' lang='grc' dir='ltr'><strong><em>πολλῶν</em></strong></span> <span class='ocrx_word' id='word_1_22' title='bbox 995 565 1045 636; x_wconf 83' lang='grc' dir='ltr'><strong><em>ἐπ’</em></strong></span> <span class='ocrx_word' id='word_1_23' title='bbox 1080 565 1204 648; x_wconf 82' lang='grc' dir='ltr'><strong><em>αὐτοὺς</em></strong></span> <span class='ocrx_word' id='word_1_24' title='bbox 1317 611 1318 622; x_wconf 48' lang='lat'>1</span> 
     </span>
     <span class='ocr_line' id='line_1_5' title="bbox 66 665 1204 757; baseline -0.001 -13"><span class='ocrx_word' id='word_1_25' title='bbox 66 691 68 696; x_wconf 86' lang='lat'>&#39;</span> <span class='ocrx_word' id='word_1_26' title='bbox 188 675 379 746; x_wconf 82' lang='grc' dir='ltr'><strong><em>συνιόντων</em></strong></span> <span class='ocrx_word' id='word_1_27' title='bbox 402 675 577 746; x_wconf 84' lang='grc' dir='ltr'><strong><em>ἐνέκλινάν</em></strong></span> <span class='ocrx_word' id='word_1_28' title='bbox 600 665 710 744; x_wconf 78' lang='grc' dir='ltr'><strong><em>τεκαὶ</em></strong></span> <span class='ocrx_word' id='word_1_29' title='bbox 729 678 889 757; x_wconf 75' lang='grc' dir='ltr'><strong><em>διέσωζον</em></strong></span> <span class='ocrx_word' id='word_1_30' title='bbox 913 673 1053 754; x_wconf 81' lang='grc' dir='ltr'><strong><em>ἑαυτούς</em></strong></span> <span class='ocrx_word' id='word_1_31' title='bbox 1072 675 1125 744; x_wconf 78' lang='grc' dir='ltr'><strong><em>ἐπὶ</em></strong></span> <span class='ocrx_word' id='word_1_32' title='bbox 1142 673 1204 743; x_wconf 87' lang='grc' dir='ltr'><strong><em>τὸν</em></strong></span> 
     </span>
     <span class='ocr_line' id='line_1_6' title="bbox 148 779 1319 871; baseline -0.003 -19"><span class='ocrx_word' id='word_1_33' title='bbox 148 811 161 852; x_wconf 78' lang='grc' dir='ltr'><strong><em>ε</em></strong></span> <span class='ocrx_word' id='word_1_34' title='bbox 188 783 332 871; x_wconf 88' lang='grc' dir='ltr'><strong><em>χάρακα,</em></strong></span> <span class='ocrx_word' id='word_1_35' title='bbox 355 781 484 870; x_wconf 88' lang='grc' dir='ltr'><strong><em>πολλήν</em></strong></span> <span class='ocrx_word' id='word_1_36' title='bbox 507 787 569 852; x_wconf 85' lang='grc' dir='ltr'><strong><em>τού</em></strong></span> <span class='ocrx_word' id='word_1_37' title='bbox 596 788 770 870; x_wconf 78' lang='grc' dir='ltr'><strong><em>Κουρτίου</em></strong></span> <span class='ocrx_word' id='word_1_38' title='bbox 792 785 997 870; x_wconf 80' lang='grc' dir='ltr'><strong><em>παρέχοντος</em></strong></span> <span class='ocrx_word' id='word_1_39' title='bbox 1020 780 1134 862; x_wconf 82' lang='grc' dir='ltr'><strong><em>αὐτοῖς</em></strong></span> <span class='ocrx_word' id='word_1_40' title='bbox 1156 786 1205 862; x_wconf 88' lang='grc' dir='ltr'><strong><em>είς</em></strong></span> <span class='ocrx_word' id='word_1_41' title='bbox 1318 779 1319 808; x_wconf 74' lang='lat'>³</span> 
     </span>
     <span class='ocr_line' id='line_1_7' title="bbox 186 887 1204 978; baseline -0.001 -20"><span class='ocrx_word' id='word_1_42' title='bbox 186 888 224 958; x_wconf 89' lang='grc' dir='ltr'><strong><em>τὸ</em></strong></span> <span class='ocrx_word' id='word_1_43' title='bbox 253 889 299 978; x_wconf 87' lang='grc' dir='ltr'><strong><em>μή</em></strong></span> <span class='ocrx_word' id='word_1_44' title='bbox 329 890 513 958; x_wconf 80' lang='grc' dir='ltr'><strong><em>διώκεσθαι</em></strong></span> <span class='ocrx_word' id='word_1_45' title='bbox 539 891 801 978; x_wconf 72' lang='grc' dir='ltr'><strong><em>τεταραγμένως,</em></strong></span> <span class='ocrx_word' id='word_1_46' title='bbox 824 887 909 958; x_wconf 85' lang='grc' dir='ltr'><strong><em>άλλά</em></strong></span> <span class='ocrx_word' id='word_1_47' title='bbox 936 889 1046 976; x_wconf 92' lang='grc' dir='ltr'><strong><em>βάδην</em></strong></span> <span class='ocrx_word' id='word_1_48' title='bbox 1074 887 1204 976; x_wconf 90' lang='grc' dir='ltr'><strong><em>άποχω-</em></strong></span> 
     </span>
     <span class='ocr_line' id='line_1_8' title="bbox 148 993 1320 1084; baseline 0 -20"><span class='ocrx_word' id='word_1_49' title='bbox 148 1000 262 1084; x_wconf 82' lang='grc' dir='ltr'><strong><em>5ρεῑν</em></strong></span> <span class='ocrx_word' id='word_1_50' title='bbox 291 994 488 1083; x_wconf 86' lang='grc' dir='ltr'><strong><em>άσφάλειαυ.</em></strong></span> <span class='ocrx_word' id='word_1_51' title='bbox 534 993 634 1076; x_wconf 82' lang='grc' dir='ltr'><strong><em>αὐτὸς</em></strong></span> <span class='ocrx_word' id='word_1_52' title='bbox 665 994 729 1084; x_wconf 83' lang='grc' dir='ltr'><strong><em>γὰρ</em></strong></span> <span class='ocrx_word' id='word_1_53' title='bbox 762 995 904 1082; x_wconf 74' lang='grc' dir='ltr'><strong><em>εἱστήκει</em></strong></span> <span class='ocrx_word' id='word_1_54' title='bbox 933 995 1122 1083; x_wconf 87' lang='grc' dir='ltr'><strong><em>μαχόμενος</em></strong></span> <span class='ocrx_word' id='word_1_55' title='bbox 1147 997 1204 1064; x_wconf 81' lang='grc' dir='ltr'><strong><em>καὶ</em></strong></span> <span class='ocrx_word' id='word_1_56' title='bbox 1319 1005 1320 1020; x_wconf 27' lang='grc' dir='ltr'><strong><em>δ</em></strong></span> 
     </span>
     <span class='ocr_line' id='line_1_9' title="bbox 186 1100 1321 1191; baseline 0.001 -21"><span class='ocrx_word' id='word_1_57' title='bbox 186 1100 248 1170; x_wconf 88' lang='grc' dir='ltr'><strong><em>τὸν</em></strong></span> <span class='ocrx_word' id='word_1_58' title='bbox 266 1100 440 1191; x_wconf 89' lang='grc' dir='ltr'><strong><em>Ῥωμύλον</em></strong></span> <span class='ocrx_word' id='word_1_59' title='bbox 464 1103 601 1172; x_wconf 81' lang='grc' dir='ltr'><strong><em>ἐπιόντα</em></strong></span> <span class='ocrx_word' id='word_1_60' title='bbox 620 1106 761 1191; x_wconf 84' lang='grc' dir='ltr'><strong><em>ἐδέχετο,</em></strong></span> <span class='ocrx_word' id='word_1_61' title='bbox 784 1109 916 1190; x_wconf 88' lang='grc' dir='ltr'><strong><em>γίνεταί</em></strong></span> <span class='ocrx_word' id='word_1_62' title='bbox 935 1129 970 1172; x_wconf 90' lang='grc' dir='ltr'><strong><em>τε</em></strong></span> <span class='ocrx_word' id='word_1_63' title='bbox 993 1107 1062 1172; x_wconf 91' lang='grc' dir='ltr'><strong><em>τῶν</em></strong></span> <span class='ocrx_word' id='word_1_64' title='bbox 1084 1100 1204 1190; x_wconf 90' lang='grc' dir='ltr'><strong><em>ήγεμό-</em></strong></span> <span class='ocrx_word' id='word_1_65' title='bbox 1320 1161 1321 1172; x_wconf 68' lang='grc'><strong><em>,</em></strong></span> 
     </span>
     <span class='ocr_line' id='line_1_10' title="bbox 188 1207 1205 1299; baseline 0.003 -23"><span class='ocrx_word' id='word_1_66' title='bbox 188 1234 260 1277; x_wconf 89' lang='grc' dir='ltr'><strong><em>νων</em></strong></span> <span class='ocrx_word' id='word_1_67' title='bbox 289 1207 402 1278; x_wconf 82' lang='grc' dir='ltr'><strong><em>αὐτῶν</em></strong></span> <span class='ocrx_word' id='word_1_68' title='bbox 435 1210 677 1299; x_wconf 87' lang='grc' dir='ltr'><strong><em>συμπεσόντων</em></strong></span> <span class='ocrx_word' id='word_1_69' title='bbox 707 1209 864 1298; x_wconf 83' lang='grc' dir='ltr'><strong><em>ἀλλήλοις</em></strong></span> <span class='ocrx_word' id='word_1_70' title='bbox 892 1212 994 1298; x_wconf 80' lang='grc' dir='ltr'><strong><em>μέγας</em></strong></span> <span class='ocrx_word' id='word_1_71' title='bbox 1020 1211 1076 1278; x_wconf 80' lang='grc' dir='ltr'><strong><em>καὶ</em></strong></span> <span class='ocrx_word' id='word_1_72' title='bbox 1103 1208 1205 1290; x_wconf 85' lang='grc' dir='ltr'><strong><em>καλὸς</em></strong></span> 
     </span>
     <span class='ocr_line' id='line_1_11' title="bbox 146 1313 1322 1404; baseline 0.003 -22"><span class='ocrx_word' id='word_1_73' title='bbox 146 1313 293 1400; x_wconf 82' lang='grc' dir='ltr'><strong><em>ιοάγῶν.</em></strong></span> <span class='ocrx_word' id='word_1_74' title='bbox 335 1319 468 1404; x_wconf 81' lang='grc' dir='ltr'><strong><em>ἔξαιμος</em></strong></span> <span class='ocrx_word' id='word_1_75' title='bbox 491 1317 529 1386; x_wconf 70' lang='grc' dir='ltr'><strong><em>δὲ</em></strong></span> <span class='ocrx_word' id='word_1_76' title='bbox 552 1314 600 1385; x_wconf 86' lang='grc' dir='ltr'><strong><em>ῶν</em></strong></span> <span class='ocrx_word' id='word_1_77' title='bbox 623 1316 690 1404; x_wconf 89' lang='grc' dir='ltr'><strong><em>ήδη</em></strong></span> <span class='ocrx_word' id='word_1_78' title='bbox 713 1319 769 1385; x_wconf 82' lang='grc' dir='ltr'><strong><em>καὶ</em></strong></span> <span class='ocrx_word' id='word_1_79' title='bbox 791 1315 974 1404; x_wconf 80' lang='grc' dir='ltr'><strong><em>καταβελὴς</em></strong></span> <span class='ocrx_word' id='word_1_80' title='bbox 997 1314 1015 1385; x_wconf 88' lang='grc' dir='ltr'><strong><em>δ</em></strong></span> <span class='ocrx_word' id='word_1_81' title='bbox 1036 1316 1204 1404; x_wconf 82' lang='grc' dir='ltr'><strong><em>Κούρτιος</em></strong></span> <span class='ocrx_word' id='word_1_82' title='bbox 1321 1361 1322 1376; x_wconf 51' lang='grc' dir='ltr'><strong><em>ι</em></strong></span> 
     </span>
     <span class='ocr_line' id='line_1_12' title="bbox 64 1420 1204 1511; baseline 0.003 -21"><span class='ocrx_word' id='word_1_83' title='bbox 64 1501 68 1510; x_wconf 93' lang='lat'>.</span> <span class='ocrx_word' id='word_1_84' title='bbox 186 1420 287 1511; x_wconf 86' lang='grc' dir='ltr'><strong><em>ύπήει</em></strong></span> <span class='ocrx_word' id='word_1_85' title='bbox 309 1422 380 1492; x_wconf 87' lang='grc' dir='ltr'><strong><em>κατ’</em></strong></span> <span class='ocrx_word' id='word_1_86' title='bbox 407 1421 524 1511; x_wconf 87' lang='grc' dir='ltr'><strong><em>ὀλίγον</em></strong></span> <span class='ocrx_word' id='word_1_87' title='bbox 531 1477 541 1511; x_wconf 91' lang='grc'><strong><em>,</em></strong></span> <span class='ocrx_word' id='word_1_88' title='bbox 563 1425 619 1492; x_wconf 81' lang='grc' dir='ltr'><strong><em>καὶ</em></strong></span> <span class='ocrx_word' id='word_1_89' title='bbox 643 1423 747 1493; x_wconf 88' lang='grc' dir='ltr'><strong><em>αύτδν</em></strong></span> <span class='ocrx_word' id='word_1_90' title='bbox 771 1426 807 1493; x_wconf 73' lang='grc' dir='ltr'><strong><em>ἐκ</em></strong></span> <span class='ocrx_word' id='word_1_91' title='bbox 830 1428 900 1492; x_wconf 92' lang='grc' dir='ltr'><strong><em>τῶν</em></strong></span> <span class='ocrx_word' id='word_1_92' title='bbox 922 1422 1064 1493; x_wconf 83' lang='grc' dir='ltr'><strong><em>κατόπιν</em></strong></span> <span class='ocrx_word' id='word_1_93' title='bbox 1086 1420 1204 1493; x_wconf 84' lang='grc' dir='ltr'><strong><em>ὑπεδέ-</em></strong></span> 
     </span>
     <span class='ocr_line' id='line_1_13' title="bbox 187 1522 1323 1619; baseline 0.001 -22"><span class='ocrx_word' id='word_1_94' title='bbox 187 1556 262 1616; x_wconf 89' lang='grc' dir='ltr'><strong><em>χετο</em></strong></span> <span class='ocrx_word' id='word_1_95' title='bbox 292 1536 393 1618; x_wconf 81' lang='grc' dir='ltr'><strong><em>λίμνη</em></strong></span> <span class='ocrx_word' id='word_1_96' title='bbox 421 1538 560 1618; x_wconf 75' lang='grc' dir='ltr'><strong><em>βαθεῖα,</em></strong></span> <span class='ocrx_word' id='word_1_97' title='bbox 590 1527 634 1618; x_wconf 85' lang='grc' dir='ltr'><strong><em>ήν</em></strong></span> <span class='ocrx_word' id='word_1_98' title='bbox 661 1539 854 1619; x_wconf 73' lang='grc' dir='ltr'><strong><em>περιελθεῖν</em></strong></span> <span class='ocrx_word' id='word_1_99' title='bbox 886 1530 949 1618; x_wconf 76' lang='grc' dir='ltr'><strong><em>μὲν</em></strong></span> <span class='ocrx_word' id='word_1_100' title='bbox 981 1529 1128 1618; x_wconf 85' lang='grc' dir='ltr'><strong><em>χαλεπὸν</em></strong></span> <span class='ocrx_word' id='word_1_101' title='bbox 1159 1522 1204 1616; x_wconf 85' lang='grc' dir='ltr'><strong><em>ήν</em></strong></span> <span class='ocrx_word' id='word_1_102' title='bbox 1322 1527 1323 1560; x_wconf 55' lang='lat'>³</span> 
     </span>
     <span class='ocr_line' id='line_1_14' title="bbox 187 1637 1204 1726; baseline 0.002 -22"><span class='ocrx_word' id='word_1_103' title='bbox 187 1639 457 1725; x_wconf 83' lang='grc' dir='ltr'><strong><em>περικεχυμένων</em></strong></span> <span class='ocrx_word' id='word_1_104' title='bbox 489 1637 704 1726; x_wconf 77' lang='grc' dir='ltr'><strong><em>πανταχόθεν</em></strong></span> <span class='ocrx_word' id='word_1_105' title='bbox 736 1642 805 1706; x_wconf 92' lang='grc' dir='ltr'><strong><em>τῶν</em></strong></span> <span class='ocrx_word' id='word_1_106' title='bbox 834 1643 1019 1724; x_wconf 87' lang='grc' dir='ltr'><strong><em>πολεμίων,</em></strong></span> <span class='ocrx_word' id='word_1_107' title='bbox 1052 1641 1204 1706; x_wconf 71' lang='grc' dir='ltr'><strong><em>διελθεῖν</em></strong></span> 
     </span>
     <span class='ocr_line' id='line_1_15' title="bbox 188 1739 1324 1833; baseline 0.004 -23"><span class='ocrx_word' id='word_1_108' title='bbox 188 1743 226 1811; x_wconf 75' lang='grc' dir='ltr'><strong><em>δέ</em></strong></span> <span class='ocrx_word' id='word_1_109' title='bbox 249 1741 316 1812; x_wconf 87' lang='grc' dir='ltr'><strong><em>ὑπό</em></strong></span> <span class='ocrx_word' id='word_1_110' title='bbox 339 1772 374 1813; x_wconf 89' lang='grc' dir='ltr'><strong><em>τε</em></strong></span> <span class='ocrx_word' id='word_1_111' title='bbox 399 1745 492 1826; x_wconf 88' lang='grc' dir='ltr'><strong><em>ίλύος</em></strong></span> <span class='ocrx_word' id='word_1_112' title='bbox 514 1748 683 1833; x_wconf 82' lang='grc' dir='ltr'><strong><em>πλήθους,</em></strong></span> <span class='ocrx_word' id='word_1_113' title='bbox 713 1741 757 1832; x_wconf 83' lang='grc' dir='ltr'><strong><em>ἣν</em></strong></span> <span class='ocrx_word' id='word_1_114' title='bbox 780 1743 820 1814; x_wconf 87' lang='grc' dir='ltr'><strong><em>τά</em></strong></span> <span class='ocrx_word' id='word_1_115' title='bbox 843 1747 937 1831; x_wconf 84' lang='grc' dir='ltr'><strong><em>πέριξ</em></strong></span> <span class='ocrx_word' id='word_1_116' title='bbox 960 1748 1103 1832; x_wconf 89' lang='grc' dir='ltr'><strong><em>τέλματα</em></strong></span> <span class='ocrx_word' id='word_1_117' title='bbox 1126 1744 1204 1833; x_wconf 74' lang='grc' dir='ltr'><strong><em>εἶχε,</em></strong></span> <span class='ocrx_word' id='word_1_118' title='bbox 1323 1739 1324 1764; x_wconf 56' lang='lat'>¹</span> 
     </span>
     <span class='ocr_line' id='line_1_16' title="bbox 149 1849 1325 1939; baseline -0.002 -21"><span class='ocrx_word' id='word_1_119' title='bbox 149 1851 244 1918; x_wconf 75' lang='grc' dir='ltr'><strong><em>τεκαὶ</em></strong></span> <span class='ocrx_word' id='word_1_120' title='bbox 266 1851 400 1938; x_wconf 80' lang='grc' dir='ltr'><strong><em>βάθους</em></strong></span> <span class='ocrx_word' id='word_1_121' title='bbox 421 1850 545 1934; x_wconf 83' lang='grc' dir='ltr'><strong><em>ὕδατος</em></strong></span> <span class='ocrx_word' id='word_1_122' title='bbox 562 1857 624 1921; x_wconf 84' lang='grc' dir='ltr'><strong><em>τοῦ</em></strong></span> <span class='ocrx_word' id='word_1_123' title='bbox 641 1849 724 1921; x_wconf 88' lang='grc' dir='ltr'><strong><em>κατά</em></strong></span> <span class='ocrx_word' id='word_1_124' title='bbox 743 1853 849 1939; x_wconf 83' lang='grc' dir='ltr'><strong><em>μέσην</em></strong></span> <span class='ocrx_word' id='word_1_125' title='bbox 871 1850 977 1938; x_wconf 75' lang='grc' dir='ltr'><strong><em>αὐτήν</em></strong></span> <span class='ocrx_word' id='word_1_126' title='bbox 996 1855 1205 1933; x_wconf 77' lang='grc' dir='ltr'><strong><em>συνεστῶτος</em></strong></span> <span class='ocrx_word' id='word_1_127' title='bbox 1324 1897 1325 1916; x_wconf 49' lang='grc'><strong>;</strong></span> 
     </span>
     <span class='ocr_line' id='line_1_17' title="bbox 70 1955 1205 2048; baseline 0 -22"><span class='ocrx_word' id='word_1_128' title='bbox 70 2027 72 2032; x_wconf 82' lang='grc'><strong><em>,</em></strong></span> <span class='ocrx_word' id='word_1_129' title='bbox 148 1965 168 2026; x_wconf 88' lang='grc'><strong>6</strong></span> <span class='ocrx_word' id='word_1_130' title='bbox 188 1955 342 2046; x_wconf 61' lang='grc' dir='ltr'><strong><em>ἄπορον,</em></strong></span> <span class='ocrx_word' id='word_1_131' title='bbox 359 1957 463 2047; x_wconf 86' lang='grc' dir='ltr'><strong><em>ταύτη</em></strong></span> <span class='ocrx_word' id='word_1_132' title='bbox 482 1957 669 2046; x_wconf 81' lang='grc' dir='ltr'><strong><em>πλησιάσας</em></strong></span> <span class='ocrx_word' id='word_1_133' title='bbox 690 1964 827 2047; x_wconf 78' lang='grc' dir='ltr'><strong><em>ἔρριψεν</em></strong></span> <span class='ocrx_word' id='word_1_134' title='bbox 847 1958 968 2028; x_wconf 84' lang='grc' dir='ltr'><strong><em>ἑαυτὸν</em></strong></span> <span class='ocrx_word' id='word_1_135' title='bbox 987 1963 1035 2038; x_wconf 86' lang='grc' dir='ltr'><strong><em>είς</em></strong></span> <span class='ocrx_word' id='word_1_136' title='bbox 1056 1957 1094 2029; x_wconf 87' lang='grc' dir='ltr'><strong><em>τὸ</em></strong></span> <span class='ocrx_word' id='word_1_137' title='bbox 1113 1963 1205 2048; x_wconf 88' lang='grc' dir='ltr'><strong><em>νάμα</em></strong></span> 
     </span>
     <span class='ocr_line' id='line_1_18' title="bbox 188 2062 1204 2154; baseline 0.002 -22"><span class='ocrx_word' id='word_1_138' title='bbox 188 2064 252 2134; x_wconf 82' lang='grc' dir='ltr'><strong><em>σὺν</em></strong></span> <span class='ocrx_word' id='word_1_139' title='bbox 282 2080 353 2146; x_wconf 79' lang='grc' dir='ltr'><strong><em>τοῖς</em></strong></span> <span class='ocrx_word' id='word_1_140' title='bbox 381 2064 512 2152; x_wconf 82' lang='grc' dir='ltr'><strong><em>ὅπλοις,</em></strong></span> <span class='ocrx_word' id='word_1_141' title='bbox 540 2066 597 2134; x_wconf 85' lang='grc' dir='ltr'><strong><em>καὶ</em></strong></span> <span class='ocrx_word' id='word_1_142' title='bbox 625 2062 831 2153; x_wconf 85' lang='grc' dir='ltr'><strong><em>ὁῬωμύλος</em></strong></span> <span class='ocrx_word' id='word_1_143' title='bbox 859 2063 905 2146; x_wconf 90' lang='grc' dir='ltr'><strong><em>ῶς</em></strong></span> <span class='ocrx_word' id='word_1_144' title='bbox 934 2064 1053 2136; x_wconf 79' lang='grc' dir='ltr'><strong><em>αὐτίκα</em></strong></span> <span class='ocrx_word' id='word_1_145' title='bbox 1077 2063 1204 2154; x_wconf 82' lang='grc' dir='ltr'><strong><em>δήτοῦ</em></strong></span> 
     </span>
     <span class='ocr_line' id='line_1_19' title="bbox 187 2170 1205 2263; baseline 0 -23"><span class='ocrx_word' id='word_1_146' title='bbox 187 2170 314 2260; x_wconf 78' lang='grc' dir='ltr'><strong><em>ἀνδρὸς</em></strong></span> <span class='ocrx_word' id='word_1_147' title='bbox 352 2175 390 2241; x_wconf 87' lang='grc' dir='ltr'><strong><em>έν</em></strong></span> <span class='ocrx_word' id='word_1_148' title='bbox 430 2176 470 2261; x_wconf 76' lang='grc' dir='ltr'><strong><em>τῇ</em></strong></span> <span class='ocrx_word' id='word_1_149' title='bbox 510 2177 612 2261; x_wconf 88' lang='grc' dir='ltr'><strong><em>λίμνη</em></strong></span> <span class='ocrx_word' id='word_1_150' title='bbox 655 2175 981 2261; x_wconf 87' lang='grc' dir='ltr'><strong><em>διαφθαρησομένου</em></strong></span> <span class='ocrx_word' id='word_1_151' title='bbox 1025 2173 1095 2263; x_wconf 82' lang='grc' dir='ltr'><strong><em>(καὶ</em></strong></span> <span class='ocrx_word' id='word_1_152' title='bbox 1135 2171 1205 2261; x_wconf 80' lang='grc' dir='ltr'><strong><em>ἅμα</em></strong></span> 
     </span>
     <span class='ocr_line' id='line_1_20' title="bbox 186 2271 1205 2366; baseline 0.003 -20"><span class='ocrx_word' id='word_1_153' title='bbox 186 2278 360 2349; x_wconf 83' lang='grc' dir='ltr'><strong><em>ἀδύνατον</em></strong></span> <span class='ocrx_word' id='word_1_154' title='bbox 383 2271 428 2366; x_wconf 93' lang='grc' dir='ltr'><strong><em>ήν</em></strong></span> <span class='ocrx_word' id='word_1_155' title='bbox 450 2276 534 2348; x_wconf 87' lang='grc' dir='ltr'><strong><em>κατά</em></strong></span> <span class='ocrx_word' id='word_1_156' title='bbox 556 2277 716 2366; x_wconf 87' lang='grc' dir='ltr'><strong><em>τέλματός</em></strong></span> <span class='ocrx_word' id='word_1_157' title='bbox 742 2307 778 2348; x_wconf 92' lang='grc' dir='ltr'><strong><em>τε</em></strong></span> <span class='ocrx_word' id='word_1_158' title='bbox 801 2276 906 2348; x_wconf 83' lang='grc' dir='ltr'><strong><em>αὐτόν</em></strong></span> <span class='ocrx_word' id='word_1_159' title='bbox 928 2281 985 2349; x_wconf 85' lang='grc' dir='ltr'><strong><em>καὶ</em></strong></span> <span class='ocrx_word' id='word_1_160' title='bbox 1009 2278 1054 2348; x_wconf 87' lang='grc' dir='ltr'><strong><em>δι’</em></strong></span> <span class='ocrx_word' id='word_1_161' title='bbox 1080 2278 1205 2360; x_wconf 79' lang='grc' dir='ltr'><strong><em>ὕδατος</em></strong></span> 
     </span>
     <span class='ocr_line' id='line_1_21' title="bbox 148 2384 1262 2476; baseline 0.005 -22"><span class='ocrx_word' id='word_1_162' title='bbox 148 2415 176 2455; x_wconf 75' lang='grc' dir='ltr'><strong><em>νο</em></strong></span> <span class='ocrx_word' id='word_1_163' title='bbox 188 2391 318 2456; x_wconf 83' lang='grc' dir='ltr'><strong><em>πολλοῦ</em></strong></span> <span class='ocrx_word' id='word_1_164' title='bbox 342 2385 493 2476; x_wconf 86' lang='grc' dir='ltr'><strong><em>διῶκειν)</em></strong></span> <span class='ocrx_word' id='word_1_165' title='bbox 517 2387 570 2454; x_wconf 81' lang='grc' dir='ltr'><strong><em>ἐπὶ</em></strong></span> <span class='ocrx_word' id='word_1_166' title='bbox 592 2384 671 2466; x_wconf 84' lang='grc' dir='ltr'><strong><em>τούς</em></strong></span> <span class='ocrx_word' id='word_1_167' title='bbox 693 2385 819 2467; x_wconf 87' lang='grc' dir='ltr'><strong><em>άλλονς</em></strong></span> <span class='ocrx_word' id='word_1_168' title='bbox 841 2393 1016 2474; x_wconf 88' lang='grc' dir='ltr'><strong><em>Σαβίνους</em></strong></span> <span class='ocrx_word' id='word_1_169' title='bbox 1032 2389 1262 2476; x_wconf 73' lang='grc' dir='ltr'><strong><em>τρέπεται·326</em></strong></span> 
     </span>
     <span class='ocr_line' id='line_1_22' title="bbox 188 2489 1204 2586; baseline 0.004 -28"><span class='ocrx_word' id='word_1_170' title='bbox 188 2489 206 2558; x_wconf 88' lang='grc' dir='ltr'><strong>ὁ</strong></span> <span class='ocrx_word' id='word_1_171' title='bbox 234 2492 272 2560; x_wconf 74' lang='grc' dir='ltr'><strong><em>δὲ</em></strong></span> <span class='ocrx_word' id='word_1_172' title='bbox 286 2492 454 2580; x_wconf 81' lang='grc' dir='ltr'><strong><em>Κούρτιος</em></strong></span> <span class='ocrx_word' id='word_1_173' title='bbox 475 2490 583 2560; x_wconf 87' lang='grc' dir='ltr'><strong><em>πολλά</em></strong></span> <span class='ocrx_word' id='word_1_174' title='bbox 601 2492 776 2581; x_wconf 82' lang='grc' dir='ltr'><strong><em>μοχθήσας</em></strong></span> <span class='ocrx_word' id='word_1_175' title='bbox 799 2491 862 2562; x_wconf 84' lang='grc' dir='ltr'><strong><em>σύν</em></strong></span> <span class='ocrx_word' id='word_1_176' title='bbox 881 2493 993 2586; x_wconf 77' lang='grc' dir='ltr'><strong><em>χρόνῳ</em></strong></span> <span class='ocrx_word' id='word_1_177' title='bbox 1012 2493 1153 2575; x_wconf 77' lang='grc' dir='ltr'><strong><em>σῶξεταί</em></strong></span> <span class='ocrx_word' id='word_1_178' title='bbox 1168 2519 1204 2562; x_wconf 89' lang='grc' dir='ltr'><strong><em>τε</em></strong></span> 
     </span>
     <span class='ocr_line' id='line_1_23' title="bbox 188 2596 1204 2689; baseline 0.004 -24"><span class='ocrx_word' id='word_1_179' title='bbox 188 2600 224 2665; x_wconf 82' lang='grc' dir='ltr'><strong><em>ἐκ</em></strong></span> <span class='ocrx_word' id='word_1_180' title='bbox 246 2601 306 2684; x_wconf 87' lang='grc' dir='ltr'><strong><em>τής</em></strong></span> <span class='ocrx_word' id='word_1_181' title='bbox 328 2603 448 2684; x_wconf 88' lang='grc' dir='ltr'><strong><em>λίμνης</em></strong></span> <span class='ocrx_word' id='word_1_182' title='bbox 469 2596 511 2666; x_wconf 85' lang='grc' dir='ltr'><strong><em>τά</em></strong></span> <span class='ocrx_word' id='word_1_183' title='bbox 530 2596 616 2666; x_wconf 84' lang='grc' dir='ltr'><strong><em>ὅπλα</em></strong></span> <span class='ocrx_word' id='word_1_184' title='bbox 639 2605 724 2686; x_wconf 81' lang='grc' dir='ltr'><strong><em>ἔχων</em></strong></span> <span class='ocrx_word' id='word_1_185' title='bbox 745 2601 802 2667; x_wconf 80' lang='grc' dir='ltr'><strong><em>καὶ</em></strong></span> <span class='ocrx_word' id='word_1_186' title='bbox 825 2605 872 2679; x_wconf 87' lang='grc' dir='ltr'><strong><em>είς</em></strong></span> <span class='ocrx_word' id='word_1_187' title='bbox 889 2598 950 2669; x_wconf 89' lang='grc' dir='ltr'><strong><em>τὸν</em></strong></span> <span class='ocrx_word' id='word_1_188' title='bbox 969 2599 1098 2689; x_wconf 88' lang='grc' dir='ltr'><strong><em>χάρακα</em></strong></span> <span class='ocrx_word' id='word_1_189' title='bbox 1120 2598 1204 2668; x_wconf 90' lang='grc' dir='ltr'><strong><em>άπά-</em></strong></span> 
     </span>
     <span class='ocr_line' id='line_1_24' title="bbox 187 2695 1204 2794; baseline 0.003 -22"><span class='ocrx_word' id='word_1_190' title='bbox 187 2731 290 2791; x_wconf 86' lang='grc' dir='ltr'><strong><em>γεται.</em></strong></span> <span class='ocrx_word' id='word_1_191' title='bbox 333 2695 431 2784; x_wconf 84' lang='grc' dir='ltr'><strong><em>οὗτος</em></strong></span> <span class='ocrx_word' id='word_1_192' title='bbox 454 2702 472 2773; x_wconf 88' lang='grc' dir='ltr'>ὁ</span> <span class='ocrx_word' id='word_1_193' title='bbox 496 2704 598 2786; x_wconf 89' lang='grc' dir='ltr'><strong><em>τόπος</em></strong></span> <span class='ocrx_word' id='word_1_194' title='bbox 620 2703 848 2794; x_wconf 76' lang='grc' dir='ltr'><strong><em>ἀνακέχωσται</em></strong></span> <span class='ocrx_word' id='word_1_195' title='bbox 871 2705 933 2794; x_wconf 70' lang='grc' dir='ltr'><strong><em>μὲν</em></strong></span> <span class='ocrx_word' id='word_1_196' title='bbox 956 2705 1033 2794; x_wconf 86' lang='grc' dir='ltr'><strong><em>ήδη,</em></strong></span> <span class='ocrx_word' id='word_1_197' title='bbox 1056 2715 1204 2776; x_wconf 79' lang='grc' dir='ltr'><strong><em>καλεῖται</em></strong></span> 
     </span>
     <span class='ocr_line' id='line_1_25' title="bbox 188 2809 1204 2906; baseline 0.005 -29"><span class='ocrx_word' id='word_1_198' title='bbox 188 2809 222 2877; x_wconf 89' lang='grc' dir='ltr'><strong><em>δ’</em></strong></span> <span class='ocrx_word' id='word_1_199' title='bbox 248 2813 282 2893; x_wconf 77' lang='grc' dir='ltr'><strong><em>ἐξ</em></strong></span> <span class='ocrx_word' id='word_1_200' title='bbox 306 2813 438 2880; x_wconf 78' lang='grc' dir='ltr'><strong><em>ἐκείνου</em></strong></span> <span class='ocrx_word' id='word_1_201' title='bbox 464 2815 526 2881; x_wconf 86' lang='grc' dir='ltr'><strong><em>τού</em></strong></span> <span class='ocrx_word' id='word_1_202' title='bbox 552 2811 687 2892; x_wconf 90' lang='grc' dir='ltr'><strong><em>πάθους</em></strong></span> <span class='ocrx_word' id='word_1_203' title='bbox 714 2811 882 2900; x_wconf 80' lang='grc' dir='ltr'><strong><em>Κούρτιος</em></strong></span> <span class='ocrx_word' id='word_1_204' title='bbox 904 2812 1031 2894; x_wconf 46' lang='grc' dir='ltr'><strong><em>’λάκκος</em></strong></span> <span class='ocrx_word' id='word_1_205' title='bbox 1053 2815 1090 2882; x_wconf 88' lang='grc' dir='ltr'><strong><em>έν</em></strong></span> <span class='ocrx_word' id='word_1_206' title='bbox 1114 2815 1204 2906; x_wconf 78' lang='grc' dir='ltr'><strong><em>μέσῳ</em></strong></span> 
     </span>
     <span class='ocr_line' id='line_1_26' title="bbox 147 2913 833 3007; baseline -0.001 -20"><span class='ocrx_word' id='word_1_207' title='bbox 147 2946 174 2988; x_wconf 75' lang='grc' dir='ltr'><strong><em>τε</em></strong></span> <span class='ocrx_word' id='word_1_208' title='bbox 189 2916 332 3005; x_wconf 89' lang='grc' dir='ltr'><strong><em>μάλιστα</em></strong></span> <span class='ocrx_word' id='word_1_209' title='bbox 355 2913 403 2985; x_wconf 89' lang='grc' dir='ltr'><strong><em>ῶν</em></strong></span> <span class='ocrx_word' id='word_1_210' title='bbox 426 2922 485 3005; x_wconf 87' lang='grc' dir='ltr'><strong><em>τής</em></strong></span> <span class='ocrx_word' id='word_1_211' title='bbox 503 2915 677 3006; x_wconf 87' lang='grc' dir='ltr'><strong><em>Ῥωμαίων</em></strong></span> <span class='ocrx_word' id='word_1_212' title='bbox 699 2916 833 3007; x_wconf 86' lang='grc' dir='ltr'><strong><em>άγορᾶς.</em></strong></span> 
     </span>
     <span class='ocr_line' id='line_1_27' title="bbox 277 3023 1204 3114; baseline 0.004 -20"><span class='ocrx_word' id='word_1_213' title='bbox 277 3027 462 3095; x_wconf 84' lang='grc' dir='ltr'>ΧΧΧΧΠΙ.</span> <span class='ocrx_word' id='word_1_214' title='bbox 489 3024 658 3114; x_wconf 87' lang='grc' dir='ltr'><strong><em>Ῥωμύλος</em></strong></span> <span class='ocrx_word' id='word_1_215' title='bbox 681 3025 719 3095; x_wconf 75' lang='grc' dir='ltr'><strong><em>δὲ</em></strong></span> <span class='ocrx_word' id='word_1_216' title='bbox 740 3023 820 3106; x_wconf 79' lang='grc' dir='ltr'><strong><em>τοὺς</em></strong></span> <span class='ocrx_word' id='word_1_217' title='bbox 846 3024 970 3107; x_wconf 86' lang='grc' dir='ltr'><strong><em>άλλους</em></strong></span> <span class='ocrx_word' id='word_1_218' title='bbox 994 3027 1127 3097; x_wconf 84' lang='grc' dir='ltr'><strong><em>διῶκων</em></strong></span> <span class='ocrx_word' id='word_1_219' title='bbox 1149 3025 1204 3114; x_wconf 83' lang='grc' dir='ltr'><strong><em>έγ-</em></strong></span> 
     </span>
    </p>
   </div>
   <div class='ocr_carea' id='block_1_3' title="bbox 189 3252 1209 3540">
    <p class='ocr_par' dir='ltr' id='par_1_3' title="bbox 189 3252 1209 3540">
     <span class='ocr_line' id='line_1_28' title="bbox 261 3252 1204 3346; baseline 0.004 -34"><span class='ocrx_word' id='word_1_220' title='bbox 261 3263 276 3312; x_wconf 84' lang='grc'>6</span> <span class='ocrx_word' id='word_1_221' title='bbox 295 3257 514 3328; x_wconf 83' lang='grc' dir='ltr'><strong><em>τεταραγμένοις</em></strong></span> <span class='ocrx_word' id='word_1_222' title='bbox 533 3258 555 3312; x_wconf 93' lang='grc' dir='ltr'>Ο</span> <span class='ocrx_word' id='word_1_223' title='bbox 580 3273 648 3312; x_wconf 80' lang='lat' dir='ltr'><strong>corr.</strong></span> <span class='ocrx_word' id='word_1_224' title='bbox 673 3255 801 3346; x_wconf 46' lang='lat' dir='ltr'><strong>Sylburg‘</strong></span> <span class='ocrx_word' id='word_1_225' title='bbox 821 3258 825 3324; x_wconf 85' lang='grc' dir='ltr'>Ι</span> <span class='ocrx_word' id='word_1_226' title='bbox 849 3252 1011 3328; x_wconf 74' lang='grc' dir='ltr'><strong><em>ὑποχωρεῖν</em></strong></span> <span class='ocrx_word' id='word_1_227' title='bbox 1037 3277 1060 3316; x_wconf 90' lang='grc' dir='ltr'><strong><em>ο.</em></strong></span> <span class='ocrx_word' id='word_1_228' title='bbox 1081 3259 1204 3332; x_wconf 80' lang='lat' dir='ltr'><strong>Sylburg</strong></span> 
     </span>
     <span class='ocr_line' id='line_1_29' title="bbox 189 3323 1204 3403; baseline 0.005 -21"><span class='ocrx_word' id='word_1_229' title='bbox 189 3334 205 3382; x_wconf 90' lang='lat'>8</span> <span class='ocrx_word' id='word_1_230' title='bbox 226 3323 341 3397; x_wconf 78' lang='grc' dir='ltr'><strong><em>ἐδέχετο</em></strong></span> <span class='ocrx_word' id='word_1_231' title='bbox 359 3329 406 3384; x_wconf 93' lang='lat' dir='ltr'><strong><em>Bb</em></strong></span> <span class='ocrx_word' id='word_1_232' title='bbox 434 3329 547 3400; x_wconf 83' lang='grc' dir='ltr'><strong><em>δέχεται</em></strong></span> <span class='ocrx_word' id='word_1_233' title='bbox 571 3328 646 3382; x_wconf 75' lang='grc' dir='ltr'><strong><em>ΑΒο</em></strong></span> <span class='ocrx_word' id='word_1_234' title='bbox 724 3334 758 3383; x_wconf 89' lang='grc'><strong><em>10</em></strong></span> <span class='ocrx_word' id='word_1_235' title='bbox 780 3329 910 3400; x_wconf 30' lang='grc' dir='ltr'><strong><em>ήδη-κοιλ</em></strong></span> <span class='ocrx_word' id='word_1_236' title='bbox 934 3327 1093 3403; x_wconf 82' lang='grc' dir='ltr'><strong><em>καταβελὴς</em></strong></span> <span class='ocrx_word' id='word_1_237' title='bbox 1115 3325 1157 3387; x_wconf 83' lang='grc' dir='ltr'><strong><em>ῶν</em></strong></span> <span class='ocrx_word' id='word_1_238' title='bbox 1182 3333 1204 3386; x_wconf 92' lang='grc' dir='ltr'>Β</span> 
     </span>
     <span class='ocr_line' id='line_1_30' title="bbox 190 3394 1204 3469; baseline 0.006 -17"><span class='ocrx_word' id='word_1_239' title='bbox 190 3404 225 3452; x_wconf 79' lang='lat'><strong><em>14</em></strong></span> <span class='ocrx_word' id='word_1_240' title='bbox 242 3394 397 3468; x_wconf 80' lang='grc' dir='ltr'><strong><em>πληθύςΑ</em></strong></span> <span class='ocrx_word' id='word_1_241' title='bbox 421 3400 475 3455; x_wconf 81' lang='lat' dir='ltr'><strong>del.</strong></span> <span class='ocrx_word' id='word_1_242' title='bbox 494 3399 598 3454; x_wconf 75' lang='lat' dir='ltr'>Reiske</span> <span class='ocrx_word' id='word_1_243' title='bbox 686 3403 718 3454; x_wconf 79' lang='lat'><strong><em>15</em></strong></span> <span class='ocrx_word' id='word_1_244' title='bbox 738 3394 831 3469; x_wconf 80' lang='grc' dir='ltr'><strong><em>βάθος</em></strong></span> <span class='ocrx_word' id='word_1_245' title='bbox 848 3401 874 3455; x_wconf 78' lang='lat' dir='ltr'>A</span> <span class='ocrx_word' id='word_1_246' title='bbox 960 3408 993 3457; x_wconf 90' lang='grc'><strong><em>16</em></strong></span> <span class='ocrx_word' id='word_1_247' title='bbox 1013 3397 1104 3457; x_wconf 87' lang='grc' dir='ltr'><strong><em>αύτδν</em></strong></span> <span class='ocrx_word' id='word_1_248' title='bbox 1127 3402 1204 3458; x_wconf 59' lang='lat' dir='ltr'><strong><em>AB&amp;</em></strong></span> 
     </span>
     <span class='ocr_line' id='line_1_31' title="bbox 191 3464 1209 3540; baseline 0.007 -17"><span class='ocrx_word' id='word_1_249' title='bbox 191 3476 223 3524; x_wconf 83' lang='lat'><strong><em>18</em></strong></span> <span class='ocrx_word' id='word_1_250' title='bbox 242 3464 303 3540; x_wconf 87' lang='grc' dir='ltr'><strong><em>άμα</em></strong></span> <span class='ocrx_word' id='word_1_251' title='bbox 323 3465 790 3526; x_wconf 76' lang='grc' dir='ltr'><strong><em>έπεὶάδύνατονΒέπεὶοω.Β</em></strong></span> <span class='ocrx_word' id='word_1_252' title='bbox 863 3478 896 3527; x_wconf 81' lang='lat'><strong><em>21</em></strong></span> <span class='ocrx_word' id='word_1_253' title='bbox 916 3492 946 3528; x_wconf 87' lang='grc' dir='ltr'><strong><em>τε</em></strong></span> <span class='ocrx_word' id='word_1_254' title='bbox 965 3474 988 3527; x_wconf 93' lang='grc' dir='ltr'><strong>Β</strong></span> <span class='ocrx_word' id='word_1_255' title='bbox 1008 3489 1062 3528; x_wconf 89' lang='lat' dir='ltr'><strong><em>om.</em></strong></span> <span class='ocrx_word' id='word_1_256' title='bbox 1081 3475 1107 3529; x_wconf 86' lang='lat' dir='ltr'>R</span> <span class='ocrx_word' id='word_1_257' title='bbox 1204 3487 1209 3494; x_wconf 91' lang='lat'>&#39;</span> 
     </span>
    </p>
   </div>
   <div class='ocr_carea' id='block_1_4' title="bbox 0 0 1347 3982">
    <p class='ocr_par' dir='ltr' id='par_1_4' title="bbox 0 0 1347 3982">
     <span class='ocr_line' id='line_1_32' title="bbox 0 0 1347 3982; baseline 0 0"><span class='ocrx_word' id='word_1_258' title='bbox 0 0 1347 3982; x_wconf 95' lang='lat' dir='ltr'><strong><em> </em></strong></span> 
     </span>
    </p>
   </div>
  </div>
 </body>
</html>
