2670 3984
171 199 238 265 200
596 203 759 256 -Β-

259 362 412 429 XXXIIL
446 361 529 428 Επεὶ
553 359 585 428 δ’
612 359 714 429 οὐδὲν
735 362 921 448 -ἐπέραινον
949 357 1184 429 ἀντικαθιστα-

171 469 284 555 μένων
307 467 423 548 αύταῖς
444 473 513 537 τῶν
536 469 625 557 παρὰ
647 472 708 536 τού
723 465 896 555 Ῥωμύλου
914 471 1100 554 πρεσβειῶν
1123 470 1237 539 καὶεοσ

170 578 436 664 θεραπευουσῶν
455 574 570 661 λόγοις
587 601 622 644 τε
640 576 695 642 καλ
715 579 826 663 ἔργοις
844 572 881 642 τὸ
903 578 1016 660 ἔθνος,
1038 572 1183 663 ἀχθόμε-

170 709 227 749 ναι
251 687 291 771 τῇ
313 685 411 772 τριβῇ
430 685 491 750 τού
511 681 639 770 χρόνου
654 681 847 770 μελλόντων
866 679 918 749 ἀεὶ
937 685 1006 750 τεόν
1021 687 1182 768 Σαβίνων

128 815 143 856 ε
170 789 225 856 καὶ
244 786 531 875 ἀναβαλλομένων
550 793 598 868 είς
620 787 766 877 χρόνους
784 785 931 875 μακρούς
948 785 1010 876 τὴν
1029 790 1104 878 περὶ
1123 793 1183 857 τού

170 897 320 983 πολέμου
351 893 481 982 βουλὴν
520 893 618 964 αύταὶ
661 893 740 964 καθ’
771 893 889 974 ἑαυτὰς
925 899 1078 981 ἔγνωσαν
1114 909 1183 976 τοῖς

164 999 342 1090 Ῥωμαίοις
372 1010 545 1089 πολεμεῖν,
578 1001 729 1090 ἀποχρῆν
768 1001 919 1089 οίόμεναί
956 1001 1018 1089 τὴν
1056 1007 1182 1070 οἰκείαν

170 1108 330 1196 δύναμιν,
354 1113 385 1176 εί
405 1106 485 1176 καθ’
512 1111 549 1176 ἓν
573 1112 611 1176 αλ
630 1125 719 1197 τρεῖς
742 1113 907 1197 γένοιντο,
929 1115 1010 1197 μίαν
1033 1108 1182 1197 ἅρασθαι

168 1214 269 1283 πόλιν
294 1212 335 1283 ού
358 1214 516 1302 μεγάλην.
563 1215 808 1300 ἐβουλεύσαντο
831 1215 893 1302 μὲν
917 1219 1035 1302 ταῦτα,
1066 1224 1182 1284 συνελ-

129 1346 156 1386 ιο
168 1330 248 1389 δεῖν
286 1319 316 1388 δ’
349 1319 410 1389 ούκ
447 1327 604 1409 ἔφθησαν
641 1327 688 1402 είς
720 1325 757 1389 ἓν
794 1321 919 1390 ἅπασαι
957 1321 1181 1408 στρατόπεδον

168 1428 490 1516 προεξαναστάντων
508 1428 767 1517 προχειρότερον
786 1433 854 1498 τῶν
874 1431 909 1497 ἐκ
928 1433 986 1516 τῆς
1005 1433 1181 1515 Καινίνης,

129 1537 150 1601 2
170 1537 265 1624 οἵπερ
289 1537 344 1604 καὶ
368 1537 510 1624 μάλιστα
534 1536 680 1604 ἐδόκουν
703 1535 763 1605 τδυ
782 1535 930 1624 πόλεμον
949 1535 1092 1623 ἐνάγειν.
1134 1539 1181 1616 ἐξ·

168 1644 441 1730 εστρατευμέυων
466 1642 503 1710 δέ
526 1642 655 1711 τούτων
679 1645 734 1711 καὶ
763 1642 940 1732 δῃούντων
963 1641 1026 1730 τὴν
1049 1640 1182 1730 Ιόμορον

168 1745 340 1834 ἐξαγαγὼν
359 1747 421 1836 τὴν
444 1748 592 1836 δύναμιν
619 1746 833 1836 ὁῬωμύλος,
858 1747 1063 1838 ἀφυλάκτοις
1084 1741 1183 1818 οὖσιν

129 1883 154 1924 ιε
170 1858 217 1922 ἔτι
245 1869 316 1935 τοῖς
342 1861 514 1942 πολεμίοις
541 1854 802 1945 ἀπροσδοκήτως
829 1858 1012 1924 ἐπιτίθεται
1044 1857 1182 1924 καὶτοῦ

167 1987 203 2029 τε
232 1961 377 2050 χάρακος
405 1961 516 2031 αύτύυ
545 1960 667 2048 ἀρτίως
695 1965 880 2050 ἱδρυμένου
909 1969 1037 2049 γίνεται
1067 1961 1183 2051 κύριος

168 2081 238 2148 τοῖς
265 2095 300 2137 τε
328 2067 515 2157 φεύγουσιν
543 2074 590 2148 είς
617 2067 678 2155 τὴν
702 2067 802 2137 πόλιν
831 2071 866 2136 ἐκ
893 2067 999 2148 ποδὸς
1022 2067 1182 2155 ἑπόμενος

169 2171 302 2244 ούδέπω
330 2177 399 2242 τιόυ
429 2177 531 2242 ἐυδον
559 2177 780 2261 πεπυσμένων
808 2173 870 2262 τὴν
898 2176 974 2258 περὶ
1001 2172 1079 2254 τούς
1102 2195 1181 2261 σφε-

167 2281 286 2368 τέρους
303 2277 484 2369 συμφορὰν
498 2279 606 2366 τεῖχός
619 2306 654 2348 τε
667 2279 863 2367 ἀφύλακτον
878 2278 987 2365 εὑρὼν
1007 2283 1062 2349 καὶ
1076 2279 1183 2360 πύλας

128 2416 155 2455 κο
168 2384 362 2467 ἀκλείστους
390 2390 480 2474 αλρεί
499 2385 561 2473 τὴν
584 2386 685 2455 πόλιν
709 2389 742 2468 ἐξ
770 2388 898 2475 ἐφόδου
920 2388 976 2454 καλ
999 2385 1060 2455 τὸν
1084 2392 1239 2472 βασι-306

94 2483 102 2498 ”
168 2493 227 2560 λέα
250 2495 318 2559 τῶν
342 2496 551 2560 Καινινιτῶν
574 2490 812 2580 ὑπαντήσαντα
841 2491 905 2560 σύν
932 2496 1075 2582 καρτερᾷ
1097 2494 1183 2578 χειρὶ

169 2597 358 2685 μαχόμενος
381 2597 571 2689 αύτοχειρίρι
596 2606 716 2668 κτείνει
739 2597 853 2666 καὶτὰ
879 2596 964 2666 ὅπλα
982 2596 1183 2685 ἀφαιρεῖται.

257 2705 425 2772 ΧΧΧΠΠ.
453 2709 582 2774 Τούτου
602 2705 639 2774 δὲ
661 2704 721 2774 τὸν
739 2704 866 2793 τρόπον
884 2701 1030 2791 ἀλούσης
1048 2710 1105 2792 τῆς
1123 2705 1182 2774 πό-

169 2819 253 2891 λεως
275 2808 314 2878 τά
339 2807 424 2878 ὅπλα
442 2815 656 2898 παραδοῦναι
679 2809 758 2891 τούς
781 2809 925 2891 ἁλόντας
946 2810 1105 2892 κελεύσας
1126 2813 1182 2880 καλ

240 2966 350 3027 ὃνάλλ’
372 2969 423 3025 ἕνα
441 2978 516 3039 τρεῖς
534 2971 585 3025 ΒΤ
611 2974 615 3040 Ι
641 2967 769 3040 ἄρασθαι
788 2972 878 3028 Cobet
897 2971 962 3026 obs.
986 2991 1012 3042 p.
1032 2979 1066 3026 47
1095 2969 1181 3042 αἱρεῖ-

169 3046 240 3098 οδαι
257 3044 281 3096 Α
301 3037 429 3112 αλρήσειν
448 3043 496 3097 Bb
516 3039 666 3112 αίρῆισδαι
680 3043 725 3098 Βο
744 3040 860 3111 αλρῆοαι
873 3042 925 3098 RT
944 3039 1035 3112 αίρεῖν
1054 3043 1182 3099 Ηετλλοὶυ

168 3113 285 3169 Hermes
303 3113 329 3166 X
352 3131 378 3183 p.
403 3120 455 3169 410
528 3112 617 3184 9μὲν
641 3111 676 3182 δὴ
700 3132 722 3169 ο.
749 3114 871 3184 Sylburg
948 3121 981 3168 10
1005 3112 1138 3183 ἔφθησαν
1157 3115 1183 3168 Α

170 3183 347 3257 έφδ<η>σαν
366 3184 388 3238 Β
408 3182 544 3254 ἔφθασαν
562 3185 585 3239 Τ
660 3192 691 3239 11
712 3188 829 3254 κανίνης
848 3186 870 3239 Β
889 3187 1019 3248 καινίνας
1037 3185 1081 3239 Ba
1101 3181 1181 3254 κενή-

169 3255 527 3398 ιιιλααιιλιέ
543 3251 1182 3398 ααιίιιλξιιλειιλτινα

169 3403 204 3453 20
224 3399 344 3521 αίρειῗ
418 3399 672 3454 21uavsma3vA
699 3399 863 3454 καινινιτύν
881 3399 928 3454 Ba
957 3399 1118 3468 κενηνητῶν
1137 3399 1182 3454 Ba

169 3488 303 3523 καινιτων
919 3483 924 3492 ·
