2660 3986
594 251 629 260 ..
666 223 693 274 Γ
726 249 760 260 -
1324 229 1325 292 χ

1324 301 1325 352 λ

168 381 300 451 πόλεων
323 378 405 448 κατά
428 379 530 448 τάσδε
556 377 616 459 τάς
639 376 818 466 ὁμολογίας
846 375 864 447 ὁ
887 377 1044 466 βασιλεὺς
1066 376 1185 466 κόριος
1324 371 1325 438 λ

168 489 393 558 ἐπιεικέστατα
410 485 533 566 πάσαις
546 487 762 573 προσηνέχθη
775 486 837 553 καὶ
855 485 1068 572 μετριώτατα.
1105 484 1185 554 οὔτε

168 594 233 684 γάρ
265 591 459 663 ἀπέκτεινεν
491 591 570 662 οὔτε
602 592 742 680 φεύγειν
772 589 964 679 ἠνάγκασεν
996 590 1074 662 οὔτε
1106 591 1185 680 χρῆ-

168 722 271 790 μασιν
299 702 457 788 ἐζημίωσε
481 703 641 767 Λατίνων
668 697 793 768 οὐθένα
821 703 889 786 γῆν
909 725 945 768 τε
968 697 1082 781 αὐτοῖς
1104 727 1183 788 καρ-

77 877 80 884 ,
141 814 321 878 εποῦσθαι
347 806 411 894 τὴν
440 808 570 876 ἑαυτῶν
598 805 754 891 ἐπέτρεψε
781 806 838 873 καλ
865 806 1082 893 πολιτεύμασι
1105 808 1183 897 χρῆ-

167 925 295 985 σασθαι
322 926 393 994 τοϊς
419 917 572 1000 πατρίοις
600 915 740 1001 ἐφῆκεν,
776 911 966 982 ἀποδοῦναι
994 914 1032 982 δὲ
1059 913 1184 996 αὐτοὺς

168 1025 319 1092 ἐκέλευσε
349 1019 526 1110 Ῥωμαίοις
565 1020 645 1101 τούς
685 1045 721 1089 τε
762 1017 972 1107 αὐτομόλους
1010 1023 1067 1089 καλ
1103 1021 1183 1102 τοὺς

167 1127 398 1218 αἰχμαλώτους
424 1125 508 1196 άνευ
540 1126 673 1215 λύτρων
703 1125 917 1214 θεράποντάς
949 1153 985 1196 τε
1016 1127 1181 1196 άποκατα-

168 1239 287 1323 στῆσαι
309 1247 380 1314 τοίς
403 1233 580 1313 δεσπόταις
608 1232 699 1302 ὅσων
727 1234 883 1320 ἐγένοντο
910 1232 995 1302 κατά
1020 1233 1079 1315 τάς
1100 1259 1182 1320 προ-

127 1373 154 1415 ιο
168 1343 275 1430 νομάς
300 1341 412 1427 κύριοι
439 1340 495 1408 καλ
523 1340 674 1428 χρήματα
703 1339 767 1410 ὅσα
793 1339 874 1421 τοὺς
895 1339 1065 1428 γεωργοὺς
1087 1339 1182 1428 άφεί

167 1458 268 1518 λοντο
292 1452 451 1516 διαλῦσαι
473 1447 529 1515 καί
552 1457 586 1516 εί
604 1475 637 1516 τι
655 1446 737 1516 άλλο
756 1449 969 1534 κατέβλαψαν
991 1443 1012 1535 ἢ
1032 1449 1190 1536 διέφθει-.

128 1561 149 1626 3
168 1581 232 1643 ραν
255 1557 293 1624 έν
314 1568 387 1634 ταῖς
409 1558 579 1642 εἰσβολαῖς
606 1556 854 1643 ἐπανορθῶσαι.
895 1559 1000 1622 ταῦτα
1028 1554 1065 1623 θὲ
1088 1554 1182 1642 ποιῆ-

168 1681 291 1742 σαατας
314 1659 401 1730 εἶναι
420 1666 542 1749 φίλους
560 1659 734 1748 Ῥωμαίων
757 1665 813 1729 καὶ
833 1661 1028 1749 συμμάχους
1050 1659 1184 1730 ἅπαντα

166 1769 372 1856 πράττοντας
394 1763 520 1836 όσαιάν
540 1769 662 1837 ἐκείνοι
679 1767 871 1836 κελεύωσιν.
917 1765 935 1836 ὁ
955 1769 1017 1855 μὲν
1037 1767 1079 1855 τλῆ
1098 1769 1184 1853 πρὸς

127 1897 153 1940 ει
167 1881 336 1958 Λατίνους
355 1877 479 1956 συστάς
491 1873 667 1962 Ῥωμαίοις
685 1874 830 1962 πόλεμος
848 1881 896 1956 είς
913 1879 1012 1948 τοῦτο
1031 1875 1070 1946 τὸ
1089 1879 1184 1957 τέλος

166 1983 366 2069 κατέσκηψε,
394 1983 451 2050 καὶ
478 1978 634 2068 βασιλεὺς
661 1981 846 2070 Ταρκύνιος
872 1983 934 2052 τὸν
958 1985 1122 2053 ἐπινίκιον
1146 1986 1184 2052 ἐκ

165 2092 227 2157 τοῦ
251 2089 401 2176 πολέμου
418 2088 541 2158 τούτου
563 2087 728 2176 κατήγαγε
751 2094 932 2176 θρίαμβον

257 2197 324 2263 LV.
365 2199 418 2284 Τῷ
448 2191 479 2262 θ’
508 2196 583 2282 ἑξῆς
612 2199 676 2264 ἔτει
702 2195 908 2284 παραλαβὼν
938 2194 1001 2284 τῆν
1029 2196 1238 2284 δόναμινὸετ

168 2303 221 2372 ἐπὶ
245 2307 418 2390 Σαβίνους
445 2295 527 2389 ῆγεν
557 2305 592 2370 ἐκ
614 2307 743 2372 πολλοῦ
771 2300 835 2390 τῆν
856 2309 1052 2390 προαίρεσιν
1076 2302 1184 2372 αὐτοῦ

127 2431 154 2472 ιο
167 2411 223 2477 καὶ
251 2408 314 2496 τὴν
340 2408 556 2496 παρασκευὴν
584 2407 646 2496 τὴν
674 2407 728 2496 ἐφ’
755 2407 895 2490 ἑαυτοὺς
921 2409 1183 2497 προεγνωκότας.

168 2514 230 2603 οὐχ
252 2513 494 2603 ὑπομείναντες
521 2516 559 2584 δὲ
581 2520 629 2596 είς
651 2514 713 2602 τὴν
737 2515 868 2585 ἑαυτῶν
889 2516 1003 2605 χῶραν
1025 2529 1183 2602 παριέναι

166 2620 227 2689 τὸν
264 2621 427 2708 πόλεμον,
469 2619 545 2690 ἀλλ’
580 2620 992 2710 ἀντιπαρασκευασάμενοι
1033 2622 1182 2711 δύναμιν

169 2725 288 2814 ίκανῆυ
316 2727 467 2816 έχῶρουν
496 2726 609 2816 ὁμόσε.
658 2729 842 2816 γενομένης
870 2729 908 2798 δὲ
935 2729 1050 2810 αότοῖς
1076 2729 1184 2817 μάχης

167 2833 243 2922 περὶ
265 2833 305 2901 τά
328 2833 473 2922 μεθόρια
501 2839 560 2923 τῆς
587 2834 697 2924 χῶρας
724 2834 801 2924 άχρι
829 2837 953 2916 νυκτὸς
976 2837 1182 2924 ἐνίκωνμὲν

127 2961 154 3003 ετ
169 2937 357 3028 οὐδέτεροι,
394 2941 485 3011 πάνυ
523 2941 555 3009 θ’
592 2946 736 3030 ίσχνρῶς
778 2941 947 3030 ἐπόνησαν
986 2941 1181 3032 ἀμφότεροι.

128 3053 239 3128 2ταῖς
261 3051 347 3135 γοῦν
371 3048 445 3136 ἑξῆς
467 3046 608 3138 ἡμέραις
631 3047 708 3118 οὔτε
732 3045 749 3118 ὁ
773 3052 842 3118 τῶν
861 3055 1024 3137 Σαβίνων
1046 3047 1181 3138 ῆγεμῶν

167 3157 316 3242 προῆγεν
347 3157 383 3224 ἑκ
414 3160 476 3224 τοῦ
508 3155 653 3245 χάρακος
683 3154 743 3237 τὰς
771 3155 933 3244 δυνάμεις
960 3153 1037 3226 οὔτε
1065 3153 1083 3225 ὃ
1112 3159 1181 3226 τῶν

167 3387 190 3424 τ.
205 3387 230 3436 γ.
245 3367 271 3420 Β
325 3375 359 3424 21
378 3367 515 3437 παριέναι
534 3387 556 3426 ο.
567 3369 718 3440 Κίοεελὶος,
728 3368 816 3426 Cobet
829 3369 894 3425 obs.
909 3388 935 3440 p.
947 3376 981 3425 ‘10
1036 3373 1070 3424 26
1085 3365 1182 3439 ίποίη-
1301 3373 1310 3390 '

168 3455 222 3493 σαν
240 3439 267 3492 A
329 3446 363 3495 27
382 3441 489 3510 προῆγε
504 3442 527 3496 Β
545 3441 669 3511 προσῆγε
683 3443 709 3496 Β
725 3443 730 3510 Ι
745 3438 797 3504 τάς
814 3440 951 3512 δυνάμεις
971 3437 1003 3496 ίκ
1021 3441 1072 3496 τοά
1092 3437 1181 3511 χάρα-

240 3303 256 3352 6
276 3292 381 3361 αὐτοὺς
399 3297 422 3352 Β
441 3315 494 3356 om.
514 3299 540 3353 R
612 3304 645 3353 10
664 3295 731 3362 τούς
750 3295 893 3369 γεωργοὺς
911 3293 1064 3369 ἀφείλοντο
1083 3299 1105 3352 Β
1129 3292 1182 3368 άφ.

167 3527 218 3572 τος
237 3510 259 3566 Ο
278 3513 389 3581 praeter
406 3512 430 3565 B

1322 3709 1325 3839 λ
