2682 3982
555 237 722 288 -r-
1080 233 1146 301 εεο
1324 3 1329 281 ί

1328 311 1329 354 λ

133 391 244 480 ῶσπερ
267 396 343 462 νῦν.
387 390 531 472 άπαντες
554 389 586 459 δ’
612 387 656 460 ἀν
678 401 805 462 εῖποιεν
834 390 886 464 ὅτι
910 397 965 462 δεῖ
983 391 1024 464 τά
1041 403 1147 464 ’καθε-
1327 361 1329 438 ί

132 498 277 586 στηκότα
303 502 372 568 τῶν
399 499 655 588 ταραττομένων
681 499 738 568 καὶ
765 496 806 568 τά
831 501 1055 588 πεπειραμένα
1077 504 1147 570 τῶν
1268 507 1271 514 ’
1326 441 1329 640 1

76 603 375 693 εῖσάόοκιμάστων
398 605 454 674 καὶ
481 603 521 674 τά
550 602 750 691 ὑγιαίνοντα
768 607 846 674 ’τῶν
868 606 1065 676 νοσούντων
1089 605 1147 695 ἀρ-

132 733 219 798 χειν·
242 705 293 792 οἷς
310 708 406 799 ὑμεῖς
423 709 585 780 τάναντία
603 709 777 793 ἀξιοῦντες
800 709 861 782 οῦκ
882 710 997 800 όρθῶς
1014 724 1148 782 ποιεῖτε.

222 821 279 886 ΧΙ.
324 819 469 886 Τοιαῦτα
503 819 565 886 τοῦ
596 821 816 905 ,Φουφεττίου
852 819 1008 900 λέξαντος
1043 841 1175 908 παρα-τ
1327 809 1329 828 ’

132 922 247 1013 λαβὼν
272 921 290 994 ὁ
319 923 446 1004 Τάλλος
467 921 528 994 τὸν
553 922 657 1010 λόγον
680 920 763 992 εἷπε·
802 920 847 992 Τὸ
870 925 933 1010 μὲν
956 926 992 994 έκ
1015 923 1149 1012 φύσεως
1328 913 1329 926 ’

133 1033 189 1100 καί
229 1030 409 1120 προγόνων
449 1028 568 1119 ἀρετῆς
609 1032 757 1116 δίκαιον,
800 1021 826 1098 ῶ
867 1031 1052 1117 Φουφέττιε
1092 1031 1149 1100 καὶ

133 1135 228 1226 ὑμεῖς
250 1135 374 1227 ἄνδρες
393 1135 560 1224 Ἀλβανοί,
583 1134 702 1206 κοινὸν
725 1133 930 1224 ἀμφοτέροις
951 1133 1047 1224 ἡμῖν·
1069 1135 1149 1218 τοῦς

133 1241 258 1326 αῦτοὺς
296 1242 361 1334 μάρ
407 1242 575 1332 εῦχόμεθα
619 1243 812 1332 προγόνους
856 1242 1022 1332 ἑκάτεροι,
1063 1243 1149 1312 ῶστε

134 1350 237 1420 οὐδὲν
261 1355 316 1420 δεῖ
334 1350 458 1420 τοῦτου
480 1348 580 1440 χάριν
608 1347 685 1420 οῦτε
707 1352 810 1420 πλέον
837 1347 933 1438 ἡμῶν
957 1355 1045 1438 ἔχειν
1067 1347 1148 1430 τοῦς
1161 1378 1188 1416 ιο

135 1458 269 1546 ἑτέρους
295 1455 366 1527 οῦτ’
393 1461 540 1528 ἔλαττον.
588 1454 626 1525 τὸ
656 1456 694 1523 δὲ
721 1455 838 1544 ἀρχειν
866 1459 902 1526 ἐκ
928 1455 1054 1537 παντὸς
1079 1459 1149 1524 τῶν

134 1561 299 1632 ἀποικιῶν
330 1561 390 1643 τὰς
421 1561 642 1652 μητροπόλεις
669 1559 714 1643 ῶς
740 1561 926 1649 ἀναγκαῖόν
953 1589 986 1632 τι
1015 1561 1150 1651 φύσεως

134 1669 281 1757 νόμιμον
306 1667 383 1738 οῦτε
401 1666 528 1756 ἀληθὲς
550 1665 627 1736 οῦτε
646 1670 779 1736 δίκαιον
798 1665 933 1754 ἠξιοῦτο
955 1665 1016 1754 ὑφ’
1036 1666 1149 1756 ὑμῶν·

134 1773 242 1845 πολλά
273 1777 314 1862 γέ
342 1801 394 1844 τοι
426 1773 518 1862 φῦλά
553 1775 644 1842 ἐστιν
676 1772 886 1860 ἀνθρώπων,
917 1769 995 1860 παρ’
1031 1767 1082 1852 οἷς
1113 1774 1190 1840 αλ2

135 1880 355 1970 μητροπόλεις
392 1879 452 1950 οῦκ
489 1879 652 1970 ἀρχουσιν
688 1877 761 1948 ἀλλ’
800 1876 1042 1949 ὑποτάττονται
1077 1891 1150 1958 ταῖς
1164 1905 1190 1946 15

135 1986 315 2068 ἀποικίαις.Ι
357 1989 515 2076 μέγιστον
543 1985 582 2054 δέ
610 1986 666 2054 καὶ
694 1984 933 2076 φανερώτατον
959 1983 1150 2071 τοῦλόγου

134 2097 235 2164 τοῦδε
262 2093 473 2183 παράδειγμα
498 2091 520 2181 ἡ
543 2096 765 2180 Σπαρτιατῶν
792 2090 889 2171 πόλις
921 2088 962 2160 οῦ
993 2095 1061 2160 τῶν
1092 2091 1149 2158 άλ-

135 2208 205 2270 λων
233 2199 342 2288 μόνον
369 2198 485 2288 ἀρχειν
513 2197 654 2281 ἀξιοῦσα
671 2195 860 2286 Ἑλλήνων,
890 2193 975 2265 ἀλλά
1003 2197 1059 2264 καὶ
1088 2199 1150 2264 τοῦ

137 2310 297 2394 Δωρικοῦ
329 2308 451 2393 μένους
482 2303 567 2375 ὅθεν
599 2303 788 2397 ἀπῳκίσθη.
841 2304 897 2372 καὶ
928 2307 965 2371 τί
994 2306 1048 2370 ὑεῖ
1074 2302 1151 2388 περὶ

135 2416 204 2482 τῶν
236 2411 349 2482 ἀλλων
381 2413 507 2498 λέγεινς
539 2406 636 2479 αῦτοί
668 2408 732 2499 γάρ
765 2406 861 2496 ὑμεῖς
888 2412 924 2476 ολ
947 2406 1009 2494 τὴν
1037 2405 1149 2495 ἡμετέ-
1163 2439 1191 2479 εο

136 2547 200 2609 ραν
232 2519 332 2589 πόλιν
368 2515 602 2596 ἀποικίσαντες
633 2517 869 2601 Λαουϊνιατῶν
903 2516 976 2584 έστε
1006 2511 1150 2583 ἀποικοι.

78 2631 172 2695 436εί
199 2625 241 2713 δὴ
265 2624 399 2714 φόσεῶς
431 2627 500 2694 ἐστι
532 2623 637 2711 νόμος
668 2621 785 2710 ἀρχειν
816 2626 874 2710 τῆς
905 2619 1060 2701 ἀποικίας
1087 2619 1190 2708 τὴν3

137 2731 356 2822 μητρόπολιν,
375 2728 437 2800 οῦκ
455 2727 499 2800 ἀν
517 2729 688 2818 φθάνοιεν
707 2728 911 2817 ἀμφοτέροις
928 2725 1009 2816 ὑμῖν
1026 2733 1151 2796 Λαουῖ-

136 2842 250 2908 υιάται
272 2836 313 2907 τά
338 2840 451 2906 δίκαια
473 2836 661 2918 τάττουτες;
689 2833 773 2926 πρὸς
799 2833 861 2922 μὲν
890 2831 932 2922 δὴ
955 2833 992 2903 τὸ
1016 2836 1150 2921 πρῶτον

136 2942 233 3032 ὑμῶν
281 2947 446 3032 δικαίωμα
490 2944 547 3012 καὶ
591 2947 749 3029 πλείστην
800 2945 877 3030 ἔχον
914 2937 1150 3026 εὐπροσωπίαν
1164 2957 1191 2999 ²5

210 3137 456 3210 2πεπειρατμένα
481 3137 556 3193 ABa
634 3144 652 3192 4
670 3133 753 3206 ἡμεῖς
774 3138 801 3191 A
828 3131 904 3206 ἡμᾶς
928 3154 951 3189 τ.
970 3128 998 3190 ἀ,
1017 3127 1152 3201 πράττειν

138 3229 162 3266 ο.
185 3211 343 3267 Ambrosoh
427 3215 444 3266 9
467 3207 653 3280 παρεχόμεθα
680 3207 824 3276 Kiessling
855 3199 1002 3275 εὑρόμεθα
1030 3203 1152 3264 Sinbenis

137 3283 199 3339 Em.
214 3281 296 3338 Dion.
311 3282 351 3336 III
365 3299 393 3352 p.
408 3287 425 3336 4
499 3284 531 3335 18
550 3275 648 3350 ἀρχειν
666 3273 756 3350 μόνον
771 3272 891 3345 ἀξιοῦσα
904 3277 927 3330 Β
999 3282 1034 3334 20
1052 3271 1152 3345 ὑμετέ-

138 3354 283 3424 ρανΑΒλ)
333 3350 504 3424 mecm>
518 3347 790 3419 Bblb'cmomAEa
839 3341 1148 3416 θέλαουινιάταιΑΒλ

138 3421 359 3492 προστάττοντες
385 3420 497 3492 Reisko,
516 3422 605 3479 Cobet
622 3422 724 3478 Μοεαα
743 3419 782 3476 IX
804 3437 832 3491 p.
855 3425 907 3475 319
989 3424 1024 3474 25
1043 3415 1109 3488 ἔχον
1127 3419 1154 3473 A

140 3493 248 3567 ἕκον)
266 3496 289 3550 Β

192 3603 291 3644 Dmm
305 3603 371 3644 Hm.
388 3602 408 3643 L
421 3610 460 3642 ιο.
473 3601 576 3644 ῖεοοετ.
959 3583 992 3633 19
