2682 3982
592 239 756 294 -Β-
1113 241 1178 308 247

166 403 264 490 θεῷ
286 398 522 486 διαιρούμενοί
544 423 580 468 τε
609 403 685 488 διχῇ
712 397 753 468 τὰ
781 396 854 488 ίερά
883 400 939 468 καί
966 398 1007 469 τὰ
1034 400 1096 489 μὲν
1124 398 1183 470 αύ-

167 511 235 575 τῶυ
265 503 365 574 κοινά
396 509 573 586 ποιοῦντες
603 507 660 574 κοιλ
691 505 860 598 πολιτικοί,
892 507 932 576 τά
961 506 999 576 δέ
1030 511 1100 576 ίθια
1127 509 1182 576 καὶ

169 611 364 700 συγγενικά,
398 609 444 680 δι’
474 610 575 700 ἀμφω
606 611 711 682 ταύτύ
745 629 829 700 φασι
865 610 994 700 πολλὴν
1030 610 1182 700 ἀνάγκηυ

168 717 256 788 shut
278 724 324 814 τῷ
343 718 501 811 Ῥωμύλῳ
525 717 650 805 ταύτην
669 719 782 805 σέβειν
805 716 867 807 τὴν
886 718 981 788 θεόν.
1023 718 1100 788 οὔτε
1118 719 1181 808 γάρ
1202 725 1222 790 2

167 825 432 914 ἀναγκαιότερον
470 823 667 913 ἀνθρώποις
704 823 807 894 οὐδέν
848 822 935 895 εἶναι
971 829 1030 914 τῆς
1065 831 1209 914 κοινῆςο

169 933 278 1013 ἑστίας
300 931 378 1002 οὔτε
399 935 446 1025 τῷ
461 930 618 1023 Ῥωμύλῳ
641 930 724 1000 κατά
749 931 913 1020 διαδοχὴν
935 934 1057 1020 γένους
1081 932 1183 1002 οὐδέν

169 1039 373 1128 οἰκειότερον
404 1038 585 1127 προγόνων
616 1037 678 1126 μέν
709 1036 895 1128 ὑπάρχοντι
926 1043 996 1109 τῶν
1023 1041 1056 1123 ἐξ
1081 1038 1184 1110 Ἰλίου

166 1144 207 1214 τὰ
229 1150 289 1234 τῆς
310 1151 394 1226 θεᾶς
417 1144 490 1234 ίερά
513 1149 821 1234 μετενεγκαμένων,
844 1145 968 1235 μητρὸς
992 1147 1030 1216 δὲ
1053 1151 1183 1233 ίερείας.

167 1255 295 1322 έοίκασι
323 1252 354 1322 θ’
381 1257 417 1321 οί
443 1252 500 1321 ὃιά
526 1258 630 1322 ταῦτα
656 1252 719 1341 τὴν
746 1257 884 1341 ίάρυσιυ
907 1257 969 1323 τοῦ
993 1257 1087 1344 ίερού
1104 1252 1183 1323 Ῥω-

167 1357 262 1449 μύλφ
294 1363 423 1446 μᾶλλον
455 1358 671 1440 ἀνατιθέντες
701 1357 723 1448 ἢ
752 1359 868 1450 Νόμᾳ,
899 1357 937 1429 τὸ
970 1361 1032 1448 μέν
1063 1360 1182 1430 κοινὸν
1198 1393 1223 1432 10

167 1464 283 1554 ὀρθῶς
304 1468 430 1552 λέγειν,
454 1463 506 1535 ὅτι
529 1466 657 1546 πόλεως
680 1470 888 1554 οἰκιζομένης
911 1468 1024 1536 ἑστίαν
1047 1471 1182 1556 πρῶτον

168 1577 235 1642 ἔδει
269 1575 455 1660 ἱδρυθῆναι
487 1574 542 1641 καί
573 1577 677 1642 ταῦτα
705 1570 762 1642 ὑπ’
792 1572 918 1661 ἀνδρὸς
948 1572 1011 1642 οὐκ
1039 1572 1182 1662 ἀπείρου

165 1685 225 1768 τῆς
246 1681 322 1768 περὶ
344 1678 385 1748 τά
407 1689 487 1748 θεία
516 1684 652 1767 σοφίας,
679 1677 719 1748 τά
744 1679 782 1748 δέ
807 1678 890 1749 κατά
919 1683 1020 1767 μέρος
1041 1677 1125 1768 ὑπέρ
1148 1707 1183 1748 τε

165 1791 226 1874 τῆς
246 1790 452 1874 κατασκευῆς
477 1791 539 1855 τοῦ
566 1789 633 1854 νῦν
660 1811 758 1866 ουτος
786 1789 879 1875 ίεροῦ
909 1787 967 1854 καί
989 1791 1058 1855 τύν
1080 1795 1183 1874 θερα-

165 1897 344 1962 πευουσῶν
380 1891 442 1981 τὴν
482 1890 568 1961 θεὸν
609 1895 793 1979 παρθένων
834 1891 1046 1980 ἠγνοηκέναι.
1107 1871 1224 2000 οὕτεῇ

166 1997 292 2087 γὰρτὸ
316 2005 441 2087 χωρίον
463 2003 563 2068 τούτο
593 1989 680 2067 έν
653 2023 680 2090 φ
710 1996 748 2068 τὸ
773 1995 867 2087 ίερὸυ
891 1997 1091 2085 φυλάττεται
1114 2003 1182 2087 πύρ

160 2102 330 2193 Ῥωμύλος
357 2097 401 2193 ἦν
430 2103 448 2174 ὁ
475 2104 687 2194 καθιερεύσας
713 2109 753 2195 τῇ
780 2109 851 2198 θεῷ
877 2107 975 2193 (μέγα
999 2105 1038 2174 δὲ
1058 2105 1182 2175 τούτου

165 2213 345 2307 τεκμήριον
383 2211 435 2282 ὅτι
472 2217 532 2300 τῆς
566 2239 781 2301 τετραγωνου
816 2214 1026 2300 καλουμένης
1056 2207 1184 2300 Ρύμης

112 2315 214 2406 &fiij
245 2322 372 2400 έκείνος
398 2321 557 2406 ἐτείχισεν
589 2318 683 2398 ἐκτός
714 2321 821 2404 ἐστιν,
854 2321 964 2399 ἑστίας
997 2318 1035 2387 δέ
1066 2323 1184 2405 κοινῆς

167 2425 261 2512 ίερὸν
284 2427 322 2494 έν
344 2430 391 2518 τῷ
415 2431 580 2516 κρατίστω
603 2425 746 2512 μάλιστα
767 2425 1014 2512 καθιδρύονται
1041 2430 1101 2513 τῆς
1122 2424 1182 2493 πό·
1197 2455 1224 2496 ιο

166 2541 249 2613 λεως
277 2529 435 2617 ἅπαντες,
463 2533 525 2614 ἔξω
554 2529 592 2598 δέ
618 2535 681 2600 τοῦ
707 2537 838 2620 τείχους
866 2528 992 2622 ούδείς)
1021 2529 1097 2603 ούτε
1126 2529 1183 2600 ύιά

166 2623 351 2726 παρθένων
381 2635 440 2718 τάς
474 2643 657 2725 θεραπείας
693 2637 916 2726 κατεστήσατο
948 2642 988 2727 τῇ
1024 2642 1095 2731 θεῷ
1129 2663 1183 2725 με-

167 2747 337 2832 μνημένος
369 2743 413 2826 ὡς
445 2746 519 2832 ἐμοὶ
552 2748 647 2813 δοκεῖ
674 2749 736 2813 τοῦ
767 2746 843 2832 περὶ
874 2743 937 2833 τὴν
967 2748 1093 2834 μητέρα
1121 2744 1183 2813 πά-

167 2860 270 2938 θους,
296 2844 317 2942 ᾗ
346 2854 471 2939 συνέβη
499 2851 735 2940 θεραπευούσῃ
763 2850 825 2939 τὴν
853 2849 940 2920 θεὸν
966 2851 1030 2938 τὴν
1057 2861 1183 2940 παρθε-

167 2964 247 3026 νίαν
275 2956 474 3045 ἀποβαλεῖν,
508 2957 555 3038 ὡς
582 2956 644 3045 ούχ
672 2956 789 3038 ίκανὸς
815 2957 990 3043 ἐσόμενος,
1023 2956 1083 3026 έάν
1106 2985 1183 3026 τινα
1197 2987 1223 3028 ιι

167 3068 236 3132 τῶν
262 3064 451 3152 θυηπόλων
484 3062 565 3154 εύρη
599 3067 871 3154 διεφθαρμένην,
898 3062 981 3132 κατὰ
1011 3063 1092 3143 τούς
1123 3088 1184 3132 πα-

167 3177 283 3260 τρίους
314 3172 571 3261 τιμωρήσασθαι
603 3171 731 3260 νόμους
764 3169 820 3238 διὰ
852 3169 914 3258 τὴν
947 3171 1000 3238 ἐπὶ
1031 3184 1105 3251 ταῖς
1136 3176 1183 3239 οί-

159 3283 273 3366 ικειάις
300 3293 490 3367 συμφοραῖς
512 3275 714 3366 ἀνάμνησιν.
754 3277 811 3345 ύιά
832 3281 937 3346 ταῦτα
960 3275 1022 3364 μέν
1047 3275 1090 3364 δὴ
1113 3283 1224 3346 τίοι-4

242 3511 454 3564 2ίὸιοιοιο.Α
526 3504 775 3572 25153B0m.R
826 3522 828 3525 ’
