2670 3984
542 235 705 290 -B-

110 398 206 481 ρείας
238 391 388 475 ἐξελάσαι
419 397 479 482 της
515 398 622 476 οἰκίας
654 395 889 482 ἐπιτρέψαντες
920 395 1043 478 αὐτοὺς
1074 397 1130 466 καὶ

111 499 265 588 χρήματα
287 498 332 588 μὴ
355 508 561 587 καταλιπεῖν,
584 502 767 591 περαιτέρω
791 501 830 571 δέ
853 500 964 598 οὐδέν.
1005 503 1071 572 εἰσὶ
1094 503 1126 572 δ’

112 605 175 694 οὐχ
198 607 312 675 ἱκαναὶ
334 621 511 695 κατασχεῖν
535 606 658 678 ἀνοιαν
680 607 839 697 νεότητος
859 610 916 679 καὶ
938 608 1129 680 αὐθάδειαν

110 711 247 801 τρόπων
272 710 348 782 οὐδ’
369 718 417 795 είς
439 712 477 784 τὸ
502 717 641 805 σῷφρον
664 712 805 803 ἀγαγεῖν
822 715 903 799 τοὺς
924 713 1131 806 ἠμεληκότας

113 822 181 888 τῶν
204 821 318 889 καλῶν
341 821 380 888 αλ
400 823 544 908 μαλακαὶ
566 827 736 911 τιμωρίαι·
767 821 939 911 τοιγάρτοι
961 822 1068 894 πολλὰ
1092 826 1129 894 έν
1157 851 1170 892 ι

103 923 267 1012 Ἕλλησιν
290 922 356 994 ὑπὸ
379 927 508 996 τέκνων
531 931 578 1008 είς
600 930 743 1018 πατέρας
760 926 1008 1017 ἀσχημονεῖται.
1049 927 1067 1000 ὁ
1092 929 1130 999 δέ
1148 934 1170 1000 4

112 1036 181 1101 τάν
205 1029 379 1120 Ῥωμαίων
406 1035 596 1122 νομοθέτης
627 1033 761 1104 ἅπασαν
791 1031 837 1116 ὥς
866 1037 972 1105 εἰπεῖν
1005 1040 1130 1106 ἔδωκεν

113 1139 270 1220 ἐξουσίαν
298 1140 398 1228 πατρὶ
426 1137 506 1209 καθ’
532 1143 613 1210 υίοῦ
639 1141 695 1210 καὶ
727 1141 817 1230 παρά
844 1142 954 1212 πάντα
981 1141 1041 1212 τὸν
1069 1145 1131 1213 τοῦ

113 1248 193 1330 βίου
215 1244 359 1334 χρόνον,
383 1245 501 1316 ἐάντε
525 1256 664 1336 είργειν,
692 1247 753 1317 έάν
780 1275 816 1318 τε
845 1253 1047 1338 μαστιγοῦν,
1070 1249 1130 1318 έάν

113 1375 149 1418 τε
186 1352 325 1438 δέσμιον
362 1353 415 1420 ἐπὶ
455 1356 523 1421 τάν
567 1351 638 1422 κατ’
678 1351 784 1442 ἀγρὸν
826 1360 935 1444 ἔργων
971 1358 1131 1444 κατέχειν,
1145 1386 1171 1425 ιο

114 1454 175 1524 έάν
206 1483 241 1525 τε
275 1455 521 1527 ἀποκτιννύναι
552 1463 768 1548 προαιρῆται,
804 1457 869 1532 κάν
905 1461 946 1532 τά
977 1461 1152 1558 πολιτικά,

113 1562 270 1651 πράττων
303 1562 321 1633 ὁ
354 1579 432 1645 παῖς
464 1564 531 1653 ἤδη
563 1566 712 1656 τυγχάνῃ
744 1563 808 1636 κάν
841 1571 878 1638 έν
910 1567 1029 1658 άρχαῖς
1059 1583 1132 1650 ταῖς

105 1675 286 1758 μεγίσταις
322 1670 552 1759 ἐξεταζόμενος
588 1668 672 1754 κάν,
691 1671 748 1740 διά
778 1671 841 1761 τὴν
877 1679 926 1755 είς
956 1673 997 1743 τά
1033 1673 1132 1743 κοινά

115 1782 310 1864 φιλοτιμίαν
346 1776 596 1864 ἐπαινούμενος.
648 1776 731 1848 κατὰ
763 1779 886 1848 τοῦτόν
918 1779 959 1866 γέ
987 1806 1040 1848 τοι
1069 1778 1170 1849 τδν5

59 1882 229 1972 κεῖνόμον
256 1882 380 1972 ἄνδρες
416 1887 589 1971 ἐπιφανείς
621 1887 828 1982 δημηγορίας
860 1885 1041 1968 διεξιόντες
1077 1887 1131 1954 ἐπὶ
1145 1915 1170 1956 ιε

114 1993 183 2059 τῶν
212 1990 366 2077 ἐμβόλων
394 1992 548 2072 έναντίας
576 1989 637 2078 μέν
670 1995 710 2078 τῇ
738 1995 861 2081 βουλῇ,
890 1993 1131 2080 κεχαρισμένας

116 2097 155 2165 δέ
185 2109 256 2177 τοῖς
288 2099 497 2184 δημοτικοῖς,
528 2101 584 2165 καλ
617 2096 752 2185 σφόδρα
784 2095 1041 2185 εὐδοκιμοῦντες
1077 2098 1131 2166 ἐπὶ

114 2203 251 2284 ταύταις
272 2205 563 2284 κατασπασθέντες
586 2203 651 2272 ἀπὸ
674 2207 736 2272 τοῦ
756 2203 906 2292 βήματος
927 2201 1130 2291 ἀπήχθησαν

114 2308 181 2380 ὑπὸ
213 2313 282 2379 τῶν
313 2313 485 2399 πατέρων,
517 2307 561 2398 ἣν
593 2306 638 2378 ἀν
670 2313 811 2391 ἐκείνοις
842 2313 934 2399 φανῇ
966 2316 1131 2398 τιμωρίαν

114 2413 309 2504 ὑφέξοντες·
343 2413 403 2497 οὓς
430 2414 665 2504 ἀπαγομένους
693 2416 749 2484 διὰ
776 2421 837 2504 τῆς
863 2413 989 2503 ἀγοράς
1020 2414 1131 2496 οὐδεὶς
1145 2446 1172 2486 εο

114 2527 184 2593 τῶν
202 2523 382 2610 παρόντων
403 2525 576 2606 ἐξελέσθαι
596 2521 741 2606 δυνατὸς
759 2515 803 2611 ἦν
818 2521 895 2592 οὔτε
913 2521 1038 2603 ὕπατος
1055 2521 1132 2592 οὕτε

116 2629 288 2718 δήμαρχος
311 2629 388 2699 οὔτε
412 2627 429 2699 ὁ
449 2628 716 2717 κολακευόμενος
737 2625 794 2698 ὑπ’
817 2627 929 2698 αὐτῶν
946 2629 1003 2696 καί
1020 2633 1133 2698 πάσαν

116 2739 274 2818 ἐξουσίαν
297 2736 420 2805 έλάττω
444 2740 503 2823 τῆς
534 2740 621 2816 ἰδίας
649 2734 736 2804 είναι
764 2741 911 2823 νομίζων
934 2733 1040 2821 όχλος.
1087 2738 1170 2806 έῶό

115 2839 180 2930 γάρ
204 2845 314 2928 λέγειν
339 2841 441 2922 ὅσους
463 2840 661 2912 ἀπέκτειναν
684 2845 719 2910 οί
739 2843 876 2930 πατέρες
899 2840 1028 2929 ἀνδρας
1051 2838 1131 2928 ἀγα-

115 2947 204 3028 θοὺς
225 2946 283 3016 ὑπ’
309 2946 429 3034 ἀρετῆς
450 2949 506 3016 καὶ
529 2953 723 3037 προθυμίας
750 2947 866 3035 ἕτερόν
895 2975 927 3016 τι
952 2948 1131 3036 διαπράξα-
1145 2969 1171 3010 εε

190 3149 206 3196 2
231 3140 399 3225 περαιτέρωι
423 3144 445 3197 Β
527 3151 542 3198 6
565 3138 622 3198 δπδ
646 3143 754 3198 τέκνων
780 3140 821 3205 είς
843 3143 968 3212 πατέρας
987 3145 1012 3196 Α
1037 3139 1078 3203 είς
1101 3161 1129 3196 π.

115 3210 173 3270 υπὸ
193 3235 217 3299 τ
236 3214 262 3268 R
286 3217 290 3284 Ι
315 3213 388 3268 Hinc
411 3231 499 3340 usque
522 3214 559 3269 ad
584 3221 677 3282 193,1
706 3215 736 3269 in
749 3213 885 3300 margine
908 3215 931 3268 Β
959 3211 1132 3297 adscriptum

116 3289 161 3341 est
180 3303 223 3354 οη.
244 3279 287 3340 ὅτι
311 3285 407 3339 πᾶσαν
431 3281 573 3372 ἐξουσίαν
586 3256 668 3374 εἶχέν
686 3278 757 3352 έξ’
739 3285 834 3354 αρχῶν
857 3281 949 3352 πατὴρ
974 3303 1047 3337 κατα
1037 3279 1131 3338 υἱοῦ

115 3351 324 3483 ''RRRR
341 3351 438 3482 ίόῗἛ
457 3350 616 3514 Μεὲιιξῖι,
634 3353 769 3489 οίίίίῗιι
794 3444 817 3481 0
836 3354 1132 3494 RRR‘RRR‘

115 3435 171 3554 δαν
191 3448 434 3570 Ο,φοοετ.ςΒοὶε1τε
507 3505 541 3554 25
559 3493 600 3554 δτι
604 3493 654 3552 Β
672 3494 748 3568 υπὲρ
764 3499 790 3552 R
