2660 3986
570 245 604 254 -
643 217 736 268 Γ-
1093 215 1158 280 377

145 382 241 460 θημα
257 378 317 460 τῆς
335 373 473 461 έφόδου.
507 378 575 442 τῶν
595 371 628 442 δ’
648 376 686 443 έν
704 387 774 455 τοῖς
792 375 910 464 χάραξι
927 378 1157 464 καταληφθέν·
1177 383 1200 448 4

143 507 214 551 των
242 483 278 549 οἰ
305 480 367 568 μὲν
397 479 460 550 ὑπὸ
484 485 552 550 τών
574 479 749 569 Ῥωμαίων
774 481 957 570 μαχόμενοι
979 484 1160 572 κατεκόπη-

146 607 226 674 σαν,
250 591 286 655 οἰ
306 585 338 654 δ’
365 592 412 668 εἰς
433 585 496 676 τήν
520 586 694 676 συμβολήν
720 597 790 658 τολν
816 593 977 678 ποταμῶν
1000 592 1160 679 ῥίψαντες

146 693 286 775 ἑαυτοὺς
323 692 366 763 οὐ
407 696 615 782 δυνηθέντες
654 693 925 784 ὑπερενεχθῆναι
967 694 1026 778 τὰς
1063 702 1160 779 δίνας

144 800 395 889 κατεπόθησαν·
425 801 561 892 έφθάρη
585 804 626 872 δέ
644 828 695 883 τις
717 800 830 872 αότιόν
853 815 955 892 μοίρα
978 799 1040 873 οὐκ
1062 801 1186 891 όλίγηι

144 907 305 977 καὶκατὰ
331 905 394 996 τήν
421 909 586 996 βοήθειαν
613 913 673 996 τῆς
699 911 849 999 γεφύρας
871 907 937 979 ὑπὸ
960 913 1023 978 τοῦ
1044 909 1159 999 πυρός.

145 1012 260 1102 λαβών
288 1014 326 1082 δὲ
354 1013 373 1083 ὁ
401 1015 587 1104 Ταρκύνιος
613 1014 788 1104 άμφόιερα
813 1015 854 1085 τότ
884 1015 1091 1104 στρατόπεδα
1118 999 1188 1085 ιδ’*

145 1121 207 1209 μὶν
237 1123 274 1190 έν
301 1119 416 1202 αὐτοῖς
442 1123 700 1209 καταληφθέντα
727 1123 879 1212 χρήματα
906 1137 978 1204 τοῖς
1000 1123 1158 1211 στρατιά·
1228 1175 1232 1182 .

144 1254 217 1308 ταις
253 1229 410 1315 ἐπέτρεψε
446 1232 702 1316 διανείμασθαι,
737 1227 818 1311 τοὺς
854 1229 893 1298 δὲ
928 1229 1159 1318 αἰχμαλώτους

144 1335 292 1416 πολλοὺς
317 1334 411 1404 πάνυ
436 1333 537 1415 ὄντας
558 1339 722 1422 Σαβίνων
748 1361 784 1405 τε
813 1333 926 1404 αὐτῶν
948 1336 1005 1405 καί
1032 1343 1158 1425 Τορρη·
1173 1363 1199 1405 10

147 1445 219 1510 νών
242 1446 291 1521 εἰς
308 1437 440 1529 Ῥώμην
463 1439 600 1529 άγαγών
623 1441 680 1509 διὰ
702 1445 828 1528 πολλῆς
850 1440 917 1530 εἶχε
940 1449 1100 1531 φυλακῆς.

233 1549 335 1617 LVII.
368 1553 515 1634 Σαβίνοι
537 1547 599 1636 μὲν
623 1541 687 1616 οὖν
711 1548 989 1637 ἐγνωσιμάχησαν
1010 1547 1076 1618 ὑπὸ
1100 1555 1159 1639 τῆς

143 1653 218 1724 τότε
247 1657 423 1742 συμφορᾶς
454 1654 652 1742 βιασθέντες
682 1653 738 1721 καί
772 1653 977 1740 πρεσβευτάς
1008 1653 1158 1726 ἀποστεί-

148 1770 266 1842 λαντες
278 1759 403 1848 ἀνοχὰς
416 1759 616 1846 ἐποιήσαντο
635 1763 697 1829 τοῦ
714 1761 864 1847 πολέμου
876 1761 1054 1847 [σπονδάς]
1070 1765 1158 1846 ἑξαε-

7 1941 8 1954 ,
90 1881 229 1954 σοιτείς,
257 1867 427 1955 Τυρρηνοὶ
450 1865 488 1934 δὲ
511 1864 595 1956 ὀργῆ
614 1867 774 1955 φέροντες
796 1863 848 1935 ὅτι
869 1865 1012 1954 ῆττηντό
1034 1897 1070 1938 τε
1092 1868 1157 1940 ὑπὸ
1173 1903 1198 1944 ιε

139 1973 313 2063 Ῥωμαίων
340 1972 500 2054 πολλάκις
525 1975 582 2042 καί
610 1971 662 2042 ὅτι
688 1974 769 2054 τοὺς
791 1973 1021 2063 αἰχμαλώτους
1043 1975 1158 2059 αὐτοῖς

145 2082 163 2152 ὁ
192 2082 379 2172 Ταρκύνιος
407 2078 469 2150 οὐκ
491 2080 656 2150 ἀπεδίδου
683 2085 998 2170 πρεσβευσαμένοις,
1021 2080 1094 2152 ἀλλ’
1121 2085 1158 2152 έν

144 2187 284 2278 ὁμήρων
305 2200 433 2275 κατεῖχε
455 2187 561 2280 λόγῳ,
584 2188 743 2276 ψήφισμα
770 2192 947 2258 ποιοῦνται
970 2188 1078 2270 πάσας
1099 2189 1158 2272 τὰς

143 2300 212 2364 τών
240 2298 426 2384 Τυρρηνῶν
451 2294 566 2374 πόλεις
591 2298 689 2384 κοινῆ
717 2293 776 2363 τὸν
803 2293 887 2364 κατὰ
905 2296 1076 2382 Ῥωμαίων
1098 2297 1157 2366 πό-

144 2409 249 2488 λεμον
271 2401 440 2489 ἐκφέρειν,
463 2398 525 2488 τήν
549 2400 587 2468 δὲ
610 2399 654 2488 μή
676 2403 882 2489 μετέχουσαν
904 2406 963 2489 τῆς
985 2409 1157 2491 στρατείας
1171 2435 1198 2476 ιο

145 2510 334 2577 έκσπονδον
370 2505 467 2576 εἰναι
520 2505 612 2576 ταῦτ’
648 2507 914 2596 ἐπικυρώσαντες
949 2511 1068 2597 ἐξῆγον
1099 2509 1197 2592 τδς2

146 2615 307 2702 δυνάμεις
333 2615 390 2684 καὶ
417 2614 595 2708 διαβάντες
619 2611 681 2684 τὸν
708 2617 848 2704 Τέβεριν
874 2615 981 2704 άγχοῦ
1007 2617 1159 2705 Φιδήνης

144 2726 297 2820 τίθενται
323 2720 364 2791 τά
392 2719 488 2792 ὅπλα.
533 2719 712 2809 γενόμενοι
740 2721 778 2790 δὲ
806 2725 866 2808 τῆς
887 2722 1015 2802 πόλεως
1036 2723 1159 2811 ταύτης

145 2829 313 2918 ἐγκρατεῖς
332 2827 388 2898 διὰ
410 2832 595 2916 προδοσίας
618 2829 872 2897 στασιασάντων
890 2828 976 2917 πρὸς
993 2827 1159 2916 ἀλλήλους

143 2938 213 3005 τών
241 2937 278 3004 έν
307 2933 392 3024 αὐτῇ
419 2937 476 3004 καὶ
501 2933 610 3066 πολλά
637 2936 699 3023 μὲν
723 2934 858 3023 σώματα
881 2935 1056 3022 λαβόντες,
1079 2944 1158 3005 πολ·
1171 2965 1198 3008 ει

217 3133 320 3200 όδιεφ
322 3129 401 3202 θάρη
420 3130 663 3202 ο.ΟολιελΟὶιι.ρ
666 3137 721 3186 71
796 3125 866 3184 12’
846 3126 906 3217 μπδ
925 3131 948 3186 0
968 3147 1039 3187 corr
1057 3130 1158 3186 Pfluk

146 3208 178 3256 13
200 3151 382 3292 βιασθέντεςρ
389 3202 443 3258 del.
463 3202 588 3258 Cobetl
607 3149 663 3257 Lp
699 3207 734 3256 14
752 3195 854 3272 ροντ’
836 3221 889 3256 ατο
890 3197 942 3271 χδς
964 3202 1028 3257 add
1054 3150 1157 3259 Βείεἶο

145 3271 360 3360 αἰτησομένους,
385 3269 510 3336 σπονδάς
532 3273 587 3328 del.
610 3272 754 3343 Kiessling
721 3290 814 3362 ,.3‚¹
793 3270 881 3328 Cobet
890 3222 969 3330 χΟἱιε.
993 3292 1020 3344 p.
1040 3278 1073 3328 71
1071 3289 1156 3360 seq.

145 3344 194 3398 καί
213 3341 338 3407 σπονδὰς
356 3345 459 3402 Portus
532 3350 566 3400 1⁶
585 3339 671 3470 όργῆέ
689 3337 729 3398 δι’
745 3343 831 3414 οργῆς
849 3361 873 3399 ο.
887 3338 1085 3428 Kiesslin31⁰
1069 3363 1117 3400 οτε
1132 3347 1157 3399 Α

145 3421 179 3469 19
197 3416 255 3470 τών
274 3431 327 3472 om.
342 3415 365 3470 B
437 3418 637 3486 συστρατείας
671 3415 774 3487 ylburg
792 3415 961 3485 στρατιᾶςΟ
1033 3423 1069 3471 24
1087 3411 1158 3484 πρὸς

145 3481 282 3556 άλλήλους
300 3487 322 3542 Β
343 3505 396 3543 om.
416 3488 441 3564 Β
575 3497 581 3506 “
