2682 3982
633 217 798 270 -B-

207 383 436 467 πρεσβευτῶν,
458 378 539 468 πρὶν
563 375 639 458 όυει
662 374 722 444 τὸν
745 374 855 465 ἄνδρα
879 379 966 444 ίδεῑν
989 372 1094 454 πολύς
1115 371 1221 444 αύτού

207 488 352 575 παρέστη
382 485 506 572 πόθος,
540 483 659 553 ίκανόν
690 479 892 570 ἡγουμένοις
922 480 1101 570 τεκμήριον
1133 479 1223 550 εἶναι

207 598 266 680 τῆς
289 599 425 680 σοφίας,
449 597 481 660 εί
501 594 570 660 τῶν
594 589 706 658 ἄλλων
728 587 812 676 ὑπὲρ
834 588 872 657 τὸ
897 589 1033 676 μέτριον
1057 588 1222 674 ἐκτετιμη-

206 700 316 769 κότων
343 705 519 788 βασιλείαν
545 699 601 766 καί
631 696 694 766 τὸν
727 694 911 784 εὐδαίμονα
942 701 1020 782 βίον
1053 696 1090 763 έν
1116 694 1221 784 ταύτη

167 837 180 876 ε
208 809 396 895 τιθεμένων
429 805 533 893 μόνος
560 806 687 883 έκείνος
715 800 759 883 ὡς
786 802 921 890 φαύλου
949 800 1043 882 τινός
1071 803 1127 870 καὶ
1160 799 1222 870 ούκ

208 907 306 994 άξίου
347 914 499 999 σπουδής
538 909 730 1000 πράγματος
768 923 977 998 καταφρονεῖ
984 960 993 994 ,
1036 931 1222 994 παραγενο-

87 1019 89 1024 ’
209 1021 299 1110 μένφ
330 1045 366 1088 τε
397 1017 556 1106 ὑπήντων
590 1022 638 1086 ἔτι
669 1013 748 1085 καθ’
779 1013 863 1084 ὁδὸν
895 1013 969 1084 όντι
1002 1012 1066 1084 σὺν
1095 1015 1220 1105 ἐπαίνῳ

208 1129 320 1217 πολλῷ
352 1126 408 1194 καί
440 1123 626 1212 άσπασμοίς
656 1124 712 1191 καί
738 1137 811 1203 ταῖς
838 1120 954 1202 όιλλαις
980 1135 1091 1209 τιμαῖς
1117 1145 1221 1208 καρα-

170 1232 393 1318 3πέμποντες
421 1235 468 1311 είς
489 1229 552 1317 τήν
578 1229 689 1298 πόλιν.
740 1231 913 1315 ἐκκλησίας
940 1226 978 1295 δὲ
1010 1224 1090 1316 μετὰ
1121 1229 1221 1296 τούτο

170 1366 196 1406 ιο
210 1342 447 1424 συναχθείσης,
471 1338 508 1404 έν
530 1328 553 1425 ᾗ
576 1335 758 1422 διήνεγκαν
783 1333 864 1423 ὑπὲρ
883 1331 988 1404 αύτού
1011 1332 1069 1413 τὰς
1086 1334 1222 1422 ψήφους

209 1445 246 1508 αί
276 1442 381 1530 φυλαί
413 1440 496 1510 κατὰ
527 1441 678 1530 φράτρας
708 1443 764 1511 καὶ
795 1444 863 1511 τῶν
894 1446 1078 1530 πατρικίων
1110 1442 1220 1510 έπικυ

208 1547 391 1634 ρωσάντων
419 1546 460 1615 τὰ
488 1547 632 1630 δόξαντα
659 1552 705 1641 τῷ
729 1547 853 1635 πλήθει
879 1549 935 1616 καὶ
957 1555 1149 1616 τελευταῖον
1173 1552 1221 1616 ἔτι

208 1657 278 1722 τῶν
302 1652 564 1741 ὀρνιθοσκόπων
587 1665 680 1724 αίσια
701 1655 742 1724 τὰ
764 1652 854 1744 παρὰ
875 1657 936 1723 τοῦ
960 1658 1140 1742 δαιμονίου
1163 1673 1220 1740 ση-

169 1764 192 1827 4
210 1767 286 1847 μεία
309 1759 559 1849 ἀποφηνάντων
581 1761 835 1851 παραλαμβάνει
856 1759 918 1849 τὴν
941 1759 1059 1851 άρχήν.
1099 1764 1222 1830 τοῦτον

167 1896 193 1936 ιε
206 1865 268 1934 τὸν
296 1863 406 1956 ἄνδρα
428 1865 589 1956 Ῥωμαίοί
613 1887 696 1955 φασι
724 1873 899 1957 στρατείαν
927 1871 1094 1956 μηδεμίαν
1124 1865 1221 1954 ποιή-
1324 1945 1325 1952 ¹

207 1981 349 2058 σασθαι,
371 1977 519 2060 θεοσεβῆ
542 1973 580 2042 δὲ
601 1975 657 2042 καί
681 1977 814 2043 δίκαιον
832 1972 1018 2061 γενόμενον
1042 1975 1079 2042 έν
1103 1971 1221 2063 εἰρήνη

206 2077 317 2148 πάντα
352 2078 414 2148 τὸν
449 2084 509 2168 τῆς
544 2079 648 2168 ἀρχῆς
682 2079 810 2169 χρόνον
848 2082 1035 2150 διατελέσαι
1066 2079 1122 2149 καὶ
1157 2077 1222 2167 τήν
1322 2075 1324 2096 ³

208 2183 309 2254 πόλιν
345 2183 465 2272 ἄριστα
495 2187 759 2273 πολιτευομένην
795 2199 994 2274 παρασχεῖν,
1030 2184 1153 2272 λόγους
1183 2211 1278 2262 τεςςι

207 2287 291 2376 ὑπὲρ
321 2289 427 2358 αὐτού
457 2289 603 2371 πολλούς
631 2292 686 2360 καὶ
714 2289 932 2380 θαυμαστοὺς
958 2294 1115 2379 λέγουσιν
1139 2289 1222 2361 άνα·

166 2425 193 2465 ω
206 2397 367 2483 φέροντες
397 2395 460 2485 τήν
491 2397 870 2487 άνθρωπύιηνσοφίαν
896 2404 944 2480 είς
969 2403 1064 2468 θεῶν
1091 2397 1221 2487 ὑποθή-

165 2507 274 2581 bonag.
314 2500 454 2590 νύμφην
472 2503 537 2590 γάρ
555 2530 632 2572 τινα
651 2509 905 2593 μυθολογοῦσιν
921 2503 1077 2593 Ἠγερίαν
1095 2509 1220 2594 φοιτᾶν
1319 2481 1320 2513 ¹

204 2604 289 2694 πρὸς
311 2606 415 2677 αὐτὸν
439 2609 593 2679 ἑκάστοτε
615 2611 846 2681 διδάσκουσαν
875 2609 937 2699 τήν
959 2611 1139 2699 βασιλικήν
1163 2631 1220 2682 σο-

205 2719 303 2801 φίαν,
329 2717 435 2804 ἕτεροι
459 2715 497 2784 δὲ
516 2714 557 2785 ού
579 2717 734 2805 νύμφην,
757 2716 932 2788 ἀλλάττων
951 2722 1106 2787 Μουσῶν
1125 2723 1218 2806 μίαν.
1316 2759 1317 2838 ρ

204 2821 261 2888 καὶ
283 2822 384 2890 τοῦτό
401 2838 485 2908 φασι
507 2823 667 2907 γενέσθαι
685 2827 766 2892 πᾶσι
785 2823 945 2913 φανερόν.
982 2821 1217 2894 ἀπιστούντων

165 2956 191 2996 ει
205 2925 285 3014 γάρ,
314 2923 359 3005 ὡς
386 2931 488 3011 ἔοικε,
514 2929 584 2995 τῶν
615 2925 810 3017 ἀνθρώπων
842 2927 913 2998 κατ’
939 2927 1043 3018 άρχόις
1072 2930 1129 2998 καὶ
1159 2953 1216 2998 πε-

204 3032 355 3101 πλάσθαι
381 3030 589 3120 νομιζόντων
617 3031 678 3102 τὸν
700 3035 776 3124 περὶ
798 3034 864 3126 [τῆς
886 3040 971 3116 θεάς
993 3035 1113 3122 λόγον,
1135 3041 1217 3122 βου

275 3257 344 3317 λέν
362 3257 494 3334 ταύτηΒ
523 3257 653 3318 ίνταύθα
671 3265 697 3318 R
778 3263 1030 3336 6παραγινομένιμ
1050 3282 1073 3320 ο.
1088 3263 1218 3321 Hertlein

204 3334 321 3388 Hermes
338 3332 364 3386 X
381 3351 409 3403 p.
428 3340 481 3389 410
554 3340 587 3389 12
606 3337 769 3390 τελευταῖον
788 3336 811 3390 Β
826 3338 855 3390 et
870 3335 991 3407 Sylburg
1008 3338 1178 3392 τελευταίων
1192 3338 1218 3392 R

204 3405 449 3528 ὲὸίστρρτὲίανΒ
476 3401 653 3476 στρατιάνΒ
730 3413 763 3462 21
787 3401 950 3476 ήγορίανΔ
1027 3413 1061 3462 26
1084 3408 1218 3477 περὶτῆς

229 3494 289 3536 εας
365 3492 383 3529 ιι
