2698 3982
183 238 203 302 8
453 181 773 288 -A-

271 397 310 463 V.
356 393 484 474 Ταύτας
512 393 553 480 δή
581 395 640 474 τὰς
663 394 928 481 πεπλανημένας,
956 392 1065 479 ῶσπερ
1095 400 1191 482 ἔφην,

182 500 366 590 ὑπολήψεις
394 501 564 581 ἐξελέσθαι
591 504 649 586 τής
678 503 831 579 διανοίας
856 504 926 568 τῶν
951 505 1086 570 πολλῶν
1113 525 1191 586 προ-

183 608 384 696 αιρούμενος
409 609 465 676 καλ
493 605 813 676 ἀντικατασκευάσαι
844 604 903 686 τάς
933 604 1085 694 ἀληθείς,
1118 609 1193 693 περὶ

183 717 245 804 μὲν
267 719 335 785 τῶν
354 714 556 783 οἰκισάντων
578 713 640 802 τήν
658 713 767 801 πόλιν,
787 717 908 793 οἵτινες
925 705 1014 800 ἦσαν
1036 715 1092 781 καλ
1109 711 1193 781 κατά

155 829 276 903 ετίνας
299 823 430 890 ἕκαστοι
453 820 593 910 καιρούς
615 824 791 908 συνῆλθον
813 820 869 888 καὶ
891 825 958 888 τίσι
979 821 1094 907 τύχαις
1116 846 1193 907 χρη-

184 929 324 1017 σάμενοι
355 927 414 1008 τάς
447 933 608 1015 πατρίους
640 927 784 1014 οἰκήσεις
820 928 985 1013 ἐξέλιπον,
1023 930 1059 996 ἐν
1091 925 1194 1015 ταύτη

184 1035 324 1124 δηλῶσω
347 1039 387 1124 τή
410 1038 540 1122 γραφή,
569 1032 615 1101 δι’
640 1027 680 1120 ής
695 1032 860 1120 Ἕλληνάς
886 1060 921 1102 τε
948 1032 1071 1114 αύτούς
1094 1031 1193 1112 ὄντας
1213 1051 1246 1100 15

183 1145 360 1223 ἐπιδείξειν
385 1139 613 1228 ὑπισχνοῦμαι
639 1141 696 1208 καὶ
724 1139 786 1209 ούκ
814 1142 850 1208 ἐκ
876 1144 944 1209 τῶν
968 1143 1148 1228 ἐλαχίστων
1171 1135 1193 1226 ή
1337 1143 1338 1156 ’

143 1250 164 1314 2
183 1248 403 1337 φαυλοτάτων
423 1251 536 1317 ἐθνῶν
557 1247 837 1334 συνεληλυθότας.
878 1247 954 1335 περὶ
973 1247 1010 1316 δέ
1028 1251 1095 1316 τῶν
1114 1245 1195 1334 πρά-

144 1381 169 1421 ιο
184 1359 283 1442 ξεων,
306 1351 346 1434 ἀς
368 1353 449 1442 μετά
470 1353 531 1423 τὸν
555 1353 709 1443 οίκισμδν
735 1352 863 1433 εύθέως
885 1353 1117 1438 ἀπεδείξαντο,
1139 1353 1195 1421 καλ

103 1515 106 1522 .
182 1463 258 1551 περὶ
280 1466 349 1530 τῶν
373 1460 658 1549 ἐπιτηδευμάτων,
688 1463 721 1542 ἐξ
744 1453 793 1528 ῶν
817 1465 865 1540 είς
886 1459 1053 1546 τοσαύτην
1076 1457 1194 1546 ἡγεμο-

183 1575 261 1638 νίαν
285 1572 462 1656 προῆλθον
485 1571 521 1638 ολ
541 1565 610 1656 μετ’
637 1566 771 1653 αύτούς,
795 1564 860 1635 ἀπὸ
883 1570 942 1653 τής
965 1563 1046 1654 μετά
1068 1564 1194 1652 ταύτην
1274 1589 1277 1594 ·

183 1675 368 1764 ἀρξάμενος
404 1674 603 1764 ἀναγραφῆς
638 1673 869 1762 ἀφηγήσομαι,
907 1672 1104 1762 παραλιπὼν
1139 1667 1196 1738 ού·

184 1783 242 1850 δὲν
271 1781 334 1869 ὅση
362 1808 419 1870 μοι
448 1781 591 1869 δύναμις
618 1786 686 1850 τῶν
716 1779 820 1862 ἀξίων
849 1783 1011 1868 ἱστορίας,
1039 1783 1096 1846 ἵνα
1125 1791 1196 1857 τοῖς

143 1911 168 1954 ιε
183 1915 219 1976 γε
238 1893 388 1976 μαθοῦσι
406 1886 470 1974 τήν
489 1886 654 1974 ἀλήθειαν
673 1884 694 1955 δ
715 1886 875 1974 προσήκει
892 1886 968 1974 περὶ
985 1889 1044 1972 τῆς
1066 1883 1195 1964 πόλεως

181 1999 282 2082 τήσδε
304 1999 455 2084 παραστή
474 2007 628 2082 φρονεῖν,
648 1997 679 2061 εἰ
700 1993 745 2080 μή
764 1993 976 2068 παντάπασιν
993 1989 1118 2080 ἀγρίως
1139 1989 1196 2058 καὶ

183 2106 358 2189 δυσμενῶς
380 2101 565 2170 διάκεινται
587 2100 672 2186 πρὸς
695 2097 816 2185 αύτήν,
842 2099 897 2166 καλ
920 2097 1001 2186 μήτε
1024 2097 1193 2186 άχθεσθαι

181 2213 221 2298 τῇ
245 2207 401 2289 ὑποτάξει
424 2204 507 2275 κατά
530 2205 568 2274 τὸ
592 2205 682 2286 είκδς
703 2207 867 2293 γενομένη
892 2205 1041 2294 (φύσεως
1063 2207 1126 2293 γὰρ
1151 2204 1193 2292 δή

181 2315 287 2401 νόμος
309 2313 412 2382 ἅπασι
434 2311 559 2399 κοινός,
584 2309 625 2381 δν
649 2309 760 2391 ούδελς
782 2311 959 2380 καταλύσει
982 2311 1114 2401 χρόνος,
1138 2311 1195 2399 ἀρ·

142 2445 169 2486 εο
183 2447 254 2509 χειν
279 2419 330 2488 ἀεὶ
352 2424 419 2488 τῶν
438 2417 591 2507 ἡττόνων
617 2417 696 2498 τούς
721 2419 925 2508 κρείττονας)
954 2418 1035 2506 μήτε
1056 2445 1196 2506 κατηγο-

183 2541 255 2613 ρεῖν
278 2531 336 2614 τής
358 2524 475 2613 τύχης,
503 2522 547 2606 ῶς
574 2523 637 2594 ούκ
664 2527 838 2615 ἐπιτηδείῳ
870 2524 964 2593 πόλει
992 2525 1194 2612 τηλικαύτην

182 2631 365 2722 ἡγεμονίαν
388 2633 443 2700 καὶ
466 2635 631 2701 τοσοῦτον
654 2629 719 2720 ήδη
748 2633 874 2719 χρόνον
901 2645 1023 2718 προάκα
1046 2637 1196 2720 δωρησα-

148 2737 297 2828 δμένης·
330 2743 483 2826 μαθοῦσί
503 2766 541 2826 γε
565 2737 607 2826 δή
630 2737 719 2826 παρὰ
738 2742 796 2824 τῆς
820 2741 977 2826 ἱστορίας,
1001 2739 1053 2807 ὅτι
1075 2743 1197 2826 μυρίας

181 2844 324 2933 ήνεγκεν
346 2844 485 2935 ἀνδρῶν
508 2844 628 2935 ἀρετάς
651 2844 757 2926 εύθύς
779 2848 812 2928 ἐξ
835 2843 939 2934 ἀρχῆς
961 2843 1042 2932 μετὰ
1064 2844 1125 2914 τὸν
1149 2849 1193 2912 ob

254 3075 485 3150 2<πολλῶν>Β
526 3077 692 3130 πολιτῶνΒ,
782 3072 1035 3144 4οἰκησάντωνΒ
1113 3076 1198 3130 'laub

182 3166 211 3202 τε
232 3147 383 3204 delendum
401 3151 451 3204 aut
465 3142 600 3216 Ἕλληνάς
618 3167 649 3216 γε
669 3149 719 3202 καί
737 3165 763 3202 v.
778 3152 795 3200 8
814 3145 863 3201 καλ
882 3141 946 3200 οὐδ’
967 3144 1000 3202 ἐκ
1020 3146 1198 3202 scribendum

183 3234 243 3273 esse
262 3223 358 3274 censet
376 3217 479 3274 Reiske
554 3225 587 3272 10
607 3215 790 3285 ἐπεδείξαντο
806 3217 828 3270 Β
903 3222 937 3271 15
955 3225 1013 3281 τοῖς
1030 3238 1061 3288 γε
1076 3216 1196 3284 Ritsohl,

182 3289 293 3361 Kn'iger
318 3289 404 3346 Index
431 3309 471 3360 gr.
500 3307 540 3360 gr.
566 3295 634 3344 1877
663 3307 690 3358 p.
715 3295 767 3344 250
814 3294 873 3352 τοῖς
899 3287 1042 3362 Kiessling
1082 3285 1145 3344 τότε
1174 3286 1199 3342 Ο

219 3367 251 3418 16
270 3357 434 3417 παντάπασι
453 3361 498 3416 Ba
599 3367 632 3416 18
655 3358 839 3449 ύπςοτά>ξει
857 3361 880 3414 Β
925 3355 1045 3450 ὑπάρξει
1064 3363 1125 3430 Aa,
1149 3357 1198 3413 sed

181 3427 318 3499 ὑποτάξει
337 3434 410 3503 Amg
429 3433 573 3488 eadmn.
647 3439 681 3488 20
700 3433 747 3486 υελ
765 3433 834 3494 δούς
852 3432 908 3486 τῶν
931 3428 1057 3498 ἡττονων
1076 3433 1198 3503 κρείττο·

182 3523 233 3566 νοις
251 3503 305 3573 Ba,
325 3521 394 3561 corr.
414 3503 463 3557 Bb
