2682 3982
204 219 270 285 290
627 248 660 259 -
699 221 792 272 Γ-

202 377 304 447 ταῦθ’
331 376 442 446 ίκανά·
475 375 588 464 ἐπειδὴ
617 376 656 445 δὲ
682 376 738 445 καὶ
766 375 845 458 τοὺς
872 382 968 464 βίους
994 381 1062 446 τῶν
1086 377 1220 447 πόλεων
1316 431 1317 464 ,

203 483 509 574 ἀντιπαρεξετάζειν
543 479 701 570 ἀλλήλοις
732 482 926 571 ἐπεχείρεις,
962 475 989 553 ῶ
1021 486 1220 572 Φουφέττιε,

203 593 312 678 λέγων
339 591 393 659 ότι
419 587 458 658 τὸ
486 588 548 677 μὲν
568 589 741 676 Ἀλβανῶν
765 585 899 676 εὐγενὲς
926 589 1046 676 ὅμοιον
1069 588 1122 658 άελ
1145 593 1220 658 θια·
1258 599 1260 602 ’

203 699 311 785 με’νει,
334 695 372 765 τὸ
397 693 428 763 θ’
450 693 613 783 ἡμέτερον
636 695 840 782 ἐξέφθαρται
862 709 934 776 ταῖς
958 698 1134 783 ἐπιμιξίαις
1155 701 1219 766 τοῦ
1317 752 1318 778 ,

163 832 177 873 ε
204 801 411 891 άλλοφάλον,
432 803 490 871 καλ
514 800 575 871 οὐκ
597 799 713 889 ἠξίους
736 799 852 890 άρχειν
874 805 943 871 τῶν
965 807 1116 890 γνησίων
1139 801 1221 883 τοὺς

203 911 335 991 νόθους
367 908 448 980 οόὸἐ
478 912 547 978 τῶν
581 906 775 995 αὐθιγενῶν
807 906 886 988 τοὺς
917 907 1098 996 ἐπήλυδας,
1129 909 1219 996 μάθε

202 1020 259 1086 καί
294 1018 377 1085 κατὰ
413 1019 513 1084 τοῦτο
550 1012 753 1102 ἁμαρτάνων
790 1014 932 1101 μάλιστα
968 1013 1005 1083 τὸ
1043 1019 1219 1103 δικαίωμα.

162 1122 298 1212 4ἡμείς
320 1122 385 1210 γάρ
407 1121 572 1192 τοσούτου
596 1123 716 1208 θέομεν
744 1121 966 1208 αἰσχύνεσθαι
992 1119 1112 1209 κοινὴν
1136 1119 1218 1190 άνα-

203 1234 371 1312 δείξαντες
409 1227 472 1316 τὴν
512 1227 613 1296 πόλιν
652 1241 723 1307 τοῖς
762 1229 999 1315 βουλομένοις,
1042 1225 1125 1296 ῶστε
1147 1231 1219 1297 καὶ

165 1361 190 1402 ιο
204 1334 444 1422 σεμνυνόμεθα
467 1334 521 1402 ἐπὶ
543 1332 650 1425 τούτῳ
675 1333 818 1420 μάλιστα
844 1337 890 1425 τῶ
914 1338 1012 1426 ἐργφ,
1036 1332 1097 1402 οὐκ
1120 1331 1219 1404 αὐτοὶ

201 1445 263 1510 τοῦ
291 1440 391 1528 ζήλου
417 1439 518 1508 τοῦδε
547 1436 720 1526 ἄρξαντες,
752 1437 842 1528 παρά
874 1438 911 1506 θλ
942 1442 1002 1526 τῆς
1025 1437 1218 1527 Ἀθηναίων

201 1547 331 1626 πόλεως
357 1544 394 1614 τὸ
421 1545 633 1633 παράδειγμα
660 1544 836 1632 λαβόντες,
869 1535 910 1632 ἧς
939 1546 1095 1632 μέγιστον
1122 1550 1219 1628 κλέος

202 1656 240 1722 ἐν
255 1651 416 1740 Ἕλλησίν
439 1653 519 1738 ἐστι,
541 1652 598 1720 καὶ
621 1649 679 1719 διὰ
695 1654 795 1720 τοῦτο
820 1648 882 1738 οὐχ
900 1648 1018 1737 ἣκιστα
1041 1657 1073 1720 εί
1093 1651 1139 1741 μὴ
1156 1654 1279 1723 καλ437

162 1758 343 1848 ὅμάλιοτα
364 1757 404 1828 τὸ
426 1763 618 1846 πολίτευμα.
662 1757 719 1825 καλ
745 1754 784 1826 τὸ
811 1759 948 1846 πρᾶγμα
977 1756 1059 1846 ἡμῖν
1081 1764 1218 1829 πολλῶν

164 1900 188 1941 15
202 1866 388 1953 γενόμενον
411 1863 554 1952 ἀγαθῶν
577 1873 686 1933 αίτιον
715 1861 787 1932 οὔτ’
813 1865 994 1951 ἐπίμεμψιν
1022 1864 1099 1934 οὔτε
1122 1854 1219 1954 μετα-

201 1975 337 2059 μέλειαν
361 1969 407 2052 ῶς
429 1969 637 2060 ἡμαρτηκόσι
665 1971 776 2059 φέρει,
804 1969 897 2060 άρχει
919 1997 955 2040 τε
981 1973 1038 2040 καλ
1060 1973 1219 2059 βουλεύει

200 2079 256 2147 καὶ
287 2077 346 2160 τάς
383 2075 485 2158 ἄλλος
520 2075 617 2165 τιμὰς
653 2079 839 2165 καρποῦται
876 2075 954 2165 παρ’
988 2075 1070 2166 ἡμῖν
1103 2077 1165 2167 οὐχ
1199 2079 1219 2149 ό

200 2183 307 2254 πολλά
334 2185 485 2273 χρήματα
515 2187 713 2271 κεκτημένος
746 2179 828 2252 οὐδὲ
856 2181 874 2252 ὁ
901 2183 1048 2265 πολλοὺς
1074 2188 1220 2274 πατέρας

201 2293 399 2379 ἐπιχωρίους
421 2292 583 2372 ἐπιδεῖξαι
602 2289 801 2386 δυνάμενος,
825 2287 899 2359 ἀλλ’
922 2291 1014 2372 ὅστις
1036 2286 1080 2360 άν
1101 2284 1123 2381 ᾖ
1141 2291 1218 2361 τού-

160 2429 187 2470 ιο
200 2423 269 2466 των
290 2401 359 2466 τῶν
381 2401 488 2484 τιμῶν
510 2395 611 2478 ἄξιος.
658 2394 698 2464 οὐ
719 2395 785 2485 γάρ
809 2399 847 2466 ἐν
865 2395 956 2489 άλλφ
978 2398 1047 2466 τινλ
1068 2395 1131 2486 τὴν
1155 2395 1217 2467 άν-
1320 2461 1321 2488 ,

199 2507 379 2592 θρωπίνην
420 2503 595 2589 εὐγένειαν
635 2499 797 2592 ὑπάρχειν
834 2508 1031 2592 νομίζομεν,
1068 2501 1142 2573 ἀλλ’
1177 2507 1218 2575 ἐν

199 2607 308 2698 άρετῇ.
346 2607 364 2677 ὁ
384 2609 422 2676 δὲ
441 2607 542 2688 ἄλλος
559 2606 659 2695 ὄχλος
677 2611 774 2696 σῶμα
791 2613 850 2696 τῆς
862 2607 992 2690 πόλιάς
1010 2611 1101 2680 ἐστιν
1117 2609 1219 2699 ἰσχὺν

198 2715 254 2783 καὶ
288 2713 434 2801 δύναμιν
465 2727 537 2793 τοῖς
566 2719 806 2800 βοολενθείσιν
832 2712 899 2784 ὑπὸ
929 2720 997 2784 τῶν
1027 2722 1219 2804 κρατίστων

198 2819 433 2910 παρεχόμενος.
478 2819 605 2906 μεγάλη
628 2845 663 2888 τε
686 2817 782 2908 ἡμῶν
805 2817 943 2907 ἡπόλις
966 2824 1001 2890 ἐκ
1021 2827 1141 2912 μικρᾶς
1158 2825 1219 2892 καὶ

157 2957 185 2999 τε
199 2927 328 3017 φοβερά
355 2932 426 3007 τοϊς
452 2931 634 3015 περιοίκοις
662 2929 696 3010 ἐξ
725 2924 1022 3017 εὐκαταφρονήτου
1050 2929 1107 2998 διά
1135 2930 1218 2999 ταύ-

198 3060 261 3122 την
292 3032 355 3122 τὴν
392 3037 655 3123 φιλανθρωπίαν
691 3023 824 3122 γέγονε,
861 3037 920 3121 τῆς
950 3060 986 3103 τε
1022 3032 1217 3125 ἡγεμονίας,

270 3199 286 3248 2
306 3189 462 3264 ἐπεχείρεις
479 3194 502 3248 Β
521 3189 672 3264 ἐπιχειρεῖς
689 3194 715 3248 R
791 3200 809 3250 4
831 3191 1008 3266 διέφθαρται
1033 3195 1123 3251 Cobet
1140 3195 1216 3252 Νον.

197 3264 275 3320 Leo&
298 3283 326 3349 ρ.
346 3270 407 3335 290,
431 3266 495 3321 Oba.
515 3283 543 3336 p.
562 3271 596 3352 θλ
679 3270 694 3319 ⁷
718 3259 789 3335 μετά
814 3263 903 3322 Cobet
924 3266 1027 3322 Mnem.
1051 3267 1091 3322 IX
1113 3285 1140 3337 p.
1160 3273 1217 3323 319

198 3339 214 3390 8
233 3353 350 3391 τοσουτο
368 3336 392 3390 Β
464 3342 498 3391 13
518 3334 546 3390 εί
561 3355 599 3407 μη
619 3334 669 3389 καλ
686 3335 711 3390 Α
734 3335 784 3390 ιιαλ
802 3351 856 3392 om.
876 3337 899 3391 Β
924 3335 952 3392 εί
967 3333 1006 3408 μὴ
1026 3336 1075 3393 καλ
1093 3333 1216 3408 μάλιστα

198 3405 252 3460 del.
277 3405 366 3462 Cobet
388 3405 489 3462 Mnem.
513 3406 552 3462 1x
576 3425 604 3477 p.
624 3411 686 3474 319,
711 3406 777 3463 Obs.
800 3425 828 3478 p.
853 3414 887 3464 ελ
967 3415 1000 3464 19
1024 3404 1167 3476 ἐπιδεῖξαι
1190 3409 1218 3462 Β

198 3471 349 3542 ἀποδεῖξαι
368 3478 393 3531 R
863 3522 866 3529 -
