2670 3984
206 193 249 258 96
632 194 797 248 -Α-

206 352 296 433 τινές
321 356 390 422 τάν
412 349 620 439 Ἑλληνικῶν
648 351 885 441 μυθογράφων
913 354 1044 439 ἔλεξαν,
1071 350 1136 422 ἀπὸ
1164 356 1222 440 τῆς

204 456 318 528 Ἀνίου
344 461 406 528 τού
434 462 573 544 Δηλίων
600 461 764 545 βασιλέως
791 458 978 548 θυγατρός,
1002 458 1140 540 Λαύνας
1166 460 1222 528 καὶ

207 569 305 652 τηςδε
324 563 585 652 ὀνομαζομένης,
605 556 688 652 <ἦς>
703 562 945 652 ἀποθανούσης
962 564 1054 656 νόσῳ
1072 567 1149 655 περὶ
1162 565 1221 636 τὸν

209 669 364 758 οἰκισμὸν
390 675 450 760 τῆς
476 669 605 750 πόλεως
632 669 765 757 πραότης
790 671 847 740 καλ
874 673 911 740 ἐν
938 662 965 762 ᾦ
989 677 1088 760 ἐκαμε
1110 677 1221 763 χωρίςα

179 783 367 865 οταφείσης
389 779 504 864 μνῆμα
526 779 688 863 γενέσθαι
714 774 777 862 τὴν
799 775 910 844 πόλιν.
955 782 1164 864 συμπλεῦσαι
1188 775 1219 844 δ’

207 881 314 970 αὐτὴν
341 897 412 963 τοῖς
439 884 550 970 Τρωσί
577 885 707 968 λέγεται
735 885 899 958 δοθεῖσαν,
925 880 991 954 ύπδ
1014 884 1223 972 τοῦπατρὸς

168 986 330 1079 4Αίνείᾳ
358 990 517 1076 δεηθέντι
544 987 709 1076 μαντικὴν
742 981 849 1060 οὖσαν
881 991 937 1058 καλ
967 991 1088 1078 σοφήν.
1133 994 1224 1078 λέχε-

208 1121 263 1163 ται
288 1095 325 1163 δέ
346 1093 431 1163 κατά
452 1092 513 1163 τὸν
535 1093 703 1181 πολισμὸν
721 1099 783 1163 τοῦ
798 1103 987 1166 Λαουϊνίου
1010 1110 1131 1184 σημεῖα
1152 1111 1225 1178 τοῖς

212 1201 322 1287 Τρωσὶ
350 1201 512 1286 γενέσθαι
533 1199 666 1270 τοιάδε·
693 1199 801 1288 πυρὸς
827 1200 1021 1289 αύτομάτως
1049 1201 1225 1289 ἀναφθέν-

169 1337 195 1376 ιο
207 1332 265 1385 τος
288 1307 324 1374 ἐκ
345 1310 405 1392 τῆς
435 1305 544 1393 νάπης
575 1306 681 1376 λύκον
712 1306 774 1394 μὲν
802 1315 980 1396 κομίζοντα
1010 1314 1056 1402 τῷ
1085 1307 1225 1395 στόματι

208 1416 267 1499 τῆς
303 1415 405 1500 ξηρᾶς
439 1411 524 1500 ύλης
554 1413 747 1500 ἐπιβάλλειν
783 1416 837 1484 ἐπὶ
867 1414 905 1484 τὸ
937 1421 1020 1504 πῦρ,
1052 1413 1151 1484 ἀετὸν
1179 1413 1219 1482 δέ
1227 1423 1275 1474 151
1320 1451 1321 1500 3

206 1518 480 1606 προσπετόμενον
512 1517 742 1608 ἀναρριπίζειν
773 1524 814 1608 τῇ
845 1520 976 1609 κινήσει
1007 1525 1076 1592 τῶν
1105 1519 1225 1609 πτερά·

208 1649 279 1711 χιον
308 1623 370 1711 τὴν
400 1625 529 1712 φλόγα·
559 1625 693 1706 τούτοις
723 1625 761 1696 δέ
787 1625 949 1698 τάναντία
976 1630 1225 1716 μηχανωμένην
1320 1679 1321 1706 ,

208 1728 362 1800 ἀλεόπεκα
383 1728 446 1817 τὴν
469 1729 577 1819 ούράν
596 1731 780 1819 διάβροχον
804 1734 839 1802 ἐκ
852 1737 914 1802 τοῦ
926 1737 1078 1821 ποταμοῦ
1101 1735 1226 1820 φέρου·

169 1866 195 1908 ιι
209 1855 274 1906 σαν
297 1838 521 1925 ἐπιρραπίζειν
540 1836 578 1908 τὸ
598 1837 781 1926 καιόμενον
799 1843 878 1928 πῦρ,
899 1840 955 1908 καὶ
972 1839 1047 1908 τοτέ
1064 1838 1126 1927 μὲν
1145 1836 1227 1920 τοὺς
1319 1859 1321 1950 χ

207 1942 418 2025 ἀνάπτοντας
450 1947 653 2033 ἐπικρατεῖν,
685 1944 760 2014 τοτέ
784 1944 822 2013 δέ
843 1943 906 2032 τὴν
934 1942 1119 2032 ἀποσβέσαι
1141 1951 1224 2032 βου-

208 2052 372 2138 λομένην·
398 2053 493 2131 τέλος
516 2051 553 2120 δέ
580 2055 717 2138 νικῆσαι
738 2051 817 2132 τοὺς
841 2051 920 2138 δύο,
942 2053 998 2120 καὶ
1020 2050 1083 2139 τὴν
1107 2053 1225 2139 ἑτέραν

169 2159 191 2226 5
210 2165 365 2244 οίχεσθαι
387 2155 494 2245 μηδὲν
517 2161 566 2226 ἐτι
588 2171 699 2226 ποιεῖν
723 2160 928 2245 δυναμένην.
964 2157 1082 2226 ἰδόντα
1107 2157 1145 2226 δὲ
1162 2155 1225 2227 τὸν

208 2267 351 2331 Αἰνείαν
374 2267 480 2332 είπεῐν
504 2259 549 2342 εδς
571 2261 736 2350 ἐπιφανὴς
766 2263 828 2350 μὲν
852 2269 944 2334 ἐσται
966 2265 1021 2332 καὶ
1043 2261 1225 2351 θαυμαστὴ

168 2390 195 2430 ιο
208 2368 264 2434 καὶ
286 2366 443 2454 χνόσεως
466 2369 519 2438 ἐπὶ
540 2375 699 2436 πλεῖστον
722 2367 850 2456 ἥξουσα
872 2367 893 2457 ἡ
916 2367 1062 2455 ἀποικία,
1081 2372 1225 2458 ἐπίφθο-

208 2498 269 2552 νος
300 2472 338 2542 δέ
363 2487 440 2554 ,τοϊς
469 2475 571 2556 πέλας
602 2472 769 2564 αὐξομένη
798 2476 855 2544 καὶ
886 2474 1036 2564 λυπηρά,
1067 2475 1227 2563 κρατήσει

209 2575 239 2646 δ
251 2575 341 2666 ὅμως
354 2583 422 2649 τάν
437 2579 730 2668 ἀντιπραττόντων
739 2587 915 2668 κρείττονα
928 2579 990 2669 τὴν
1004 2583 1041 2650 ἐκ
1048 2586 1110 2652 τοῦ
1123 2588 1226 2652 θείου

207 2683 313 2771 τύχην
340 2691 491 2772 λαβοῦσα
517 2691 579 2756 τοῦ
606 2686 685 2774 παρ’
710 2686 905 2776 ἀνθρώπων
932 2689 1226 2776 ἐναντιωσομένου

208 2789 358 2878 φθόνου.
402 2797 507 2862 ταῦτα
542 2793 605 2882 μέν
642 2793 685 2882 δὴ
722 2792 810 2862 οὕτω
845 2798 1014 2881 περιφανῆ
1047 2793 1227 2882 μηνύματα

280 2957 294 3004 1
325 2945 477 3020 έλληνικῶν
504 2953 550 3007 Bb
583 2949 706 3024 έλλήνων
729 2954 805 3008 Assa
833 2955 837 3022 Ι
868 2953 918 3022 τῆς
943 2948 1032 3009 ’Λνίον
1060 2953 1222 3023 Stephanus

208 3023 320 3076 ταινίαν
348 3023 423 3078 ΑΒε
458 3021 625 3096 (σελι>νίον
652 3025 700 3079 Bb
791 3029 807 3078 2
835 3022 983 3096 δηλ<ιων>
1006 3025 1030 3080 Β
1058 3019 1146 3092 δήλου
1170 3027 1196 3080 Α

207 3092 396 3220 λαέῖἑόέῗέ
410 3095 447 3220 ΒΒ
505 3087 938 3232 Βιδέέᾱλάωέλῗῗάῖλέ
948 3166 972 3220 B
1003 3024 1225 3238 “fff‘zss'ssssff

207 3237 267 3289 λειν
285 3236 308 3292 Β
328 3206 474 3308 ἐπιβάλεῖν
501 3237 527 3290 R
599 3220 632 3290 1¹2
657 3186 869 3308 πρόητόμεάον
892 3253 915 3292 ο.
940 3235 1028 3292 Οοοελ
1052 3237 1118 3294 Oba.
1141 3255 1170 3308 p.
1190 3243 1224 3294 32

244 3310 278 3360 15
298 3301 488 3377 ἐπιρρανίζειν
512 3323 535 3360 υ.
555 3306 678 3377 Sylburg
711 3309 716 3378 Ι
749 3309 805 3376 πῦρ
825 3305 879 3362 del.
899 3306 1041 3376 Kiessling
1073 3312 1079 3376 Ι
1111 3306 1224 3364 ποτδΒ

209 3381 243 3430 16
261 3374 329 3432 ποτέ
348 3377 372 3431 Β
445 3384 478 3436 18
497 3375 597 3465 μηκέτι
615 3383 709 3434 ποιεῖν
727 3398 754 3432 τι
777 3380 800 3432 Β
825 3377 881 3434 def.
900 3377 1043 3434 Meutzner
1061 3380 1133 3436 Anu.
1152 3381 1222 3450 phil.

210 3451 279 3501 18⁷7
298 3465 325 3516 p.
345 3454 397 3504 82⁷
471 3455 505 3505 20
524 3467 635 3518 ηκουσα
654 3466 676 3504 ο.
696 3449 834 3504 Bfloheler
