2698 3982
563 247 728 302 -Ᾱ-
1109 252 1153 317 65

138 427 193 475 σιν
222 404 334 487 αὐτάς.
381 405 432 474 δι’
458 403 498 488 ἀς
525 408 564 476 δὲ
587 413 694 488 αἰτίας
720 407 758 477 τδ
784 413 865 489 ἔθος
892 412 1066 497 μετέπεσε,
1098 413 1153 480 καὶ

136 519 187 594 τίς
208 511 229 602 ἡ
252 519 314 583 τοῦ
338 518 500 602 δαίμονος
523 514 702 602 ἐπιφάνεια
724 518 799 604 περὶ
826 515 889 605 τὴν
912 515 1061 604 ἀλλαγὴν
1083 513 1153 588 τ’ὦν

138 625 316 710 ἱεροποιῶν
345 623 492 708 ἐγένετο,
520 620 656 690 έκειδάν
684 621 768 692 κατὰ
794 627 894 692 τοῦτο
921 625 1070 712 γένωμαι
1092 631 1153 694 τοῦ

10 777 12 826 ,
85 745 137 795 104
147 730 251 816 λόγου
273 728 310 798 τὸ
335 733 445 818 μέρος,
469 728 680 817 διηγήσομαι.
713 727 731 798 δ
756 730 794 798 δὲ
815 729 939 819 βωμός,
959 729 1008 819 ἐφ’
1036 723 1077 800 οὗ
1095 730 1192 812 τάς6

139 837 277 917 δεκάτας
290 834 462 905 ἀπέθυσεν
471 834 647 924 Ἡρακλῆς,
661 844 808 906 καλεῖται
822 836 884 924 μέν
897 834 963 905 ὑπὸ
982 835 1152 925 Ῥωμαίων
1166 857 1179 897 ⁵

138 947 318 1030 Μέγιστος,
335 947 403 1012 ἔστι
419 942 456 1010 δὲ
470 945 572 1030 <τῆς>
583 948 730 1030 Βοαρίας
744 946 927 1032 λεγομένης
936 941 1061 1032 ἀγορᾶς
1071 953 1152 1032 πλη-

137 1056 225 1137 σίον,
244 1048 504 1136 ἁγιστευόμενος
527 1053 558 1117 εί
580 1054 640 1116 καί
659 1076 717 1128 τις
732 1047 834 1130 ἀλλος
855 1047 920 1118 ὑπὸ
944 1054 1013 1119 τῶν
1036 1053 1152 1139 έπιχω-

138 1164 237 1246 ρίων·
260 1155 357 1244 ὅρκοι
375 1181 410 1224 τε
428 1153 492 1242 γάρ
517 1153 566 1224 ἐπ’
593 1153 683 1247 αὐτῷ
707 1157 763 1224 καὶ
787 1161 956 1244 συνθῆκαι
979 1171 1050 1238 τοῖς
1072 1163 1151 1244 βου-

139 1266 295 1352 λομένοις
322 1268 465 1351 βεβαίως
496 1290 528 1331 τι
561 1262 824 1351 διαπράττεσθαι
856 1265 912 1332 καὶ
945 1265 1153 1345 δεκατεύσεις

137 1369 315 1459 χρημάτων
338 1374 492 1456 γίνονται
516 1369 636 1456 συχναὶ
654 1367 721 1438 κατ’
739 1368 850 1457 εὐχάς·
868 1375 908 1460 τῇ
926 1373 1040 1458 μέντοι
1054 1399 1150 1440 κατα·
1166 1388 1192 1428 1⁰

137 1481 238 1566 σκενῇ
270 1474 357 1545 πολὺ
387 1481 446 1564 τῆς
474 1475 574 1564 δόξης
602 1477 670 1545 ἐστὶ
698 1480 971 1566 καταδεέστερος·
1002 1482 1152 1567 πολλαχῇ

139 1584 176 1652 δέ
199 1585 254 1652 καὶ
278 1581 361 1672 ἀλλη
384 1587 443 1672 τῆς
462 1573 602 1664 Ἰταλίας
624 1583 753 1652 ἀνεῖται
776 1587 896 1672 τεμένη
920 1589 965 1678 τῷ
990 1590 1072 1678 θεῷ,
1095 1588 1150 1654 καὶ

134 1692 244 1778 βωμοὶ
266 1689 349 1758 κατὰ
371 1689 485 1770 πόλεις
511 1717 546 1758 τε
578 1693 735 1778 ἵδρυνται
757 1693 813 1758 καί
835 1689 918 1779 παρ’
945 1690 1063 1778 ὁδούς,
1095 1694 1150 1760 καί

136 1802 286 1878 σπανίως
308 1793 351 1865 ἀν
375 1795 469 1885 εὕροι
492 1825 542 1877 τις
553 1796 693 1876 Ἰταλίας
716 1801 839 1886 χῶρον,
863 1803 950 1866 ἔνθα
964 1797 1009 1886 μὴ
1032 1800 1150 1887 τυγχά-

81 1914 192 1974 ἱθὸνει
210 1905 397 1992 τιμώμενος
420 1903 438 1973 ό
461 1904 552 1984 θεός.
583 1901 600 1973 ὃ
621 1903 682 1992 μὲν
703 1895 766 1972 οὖν
786 1902 931 1990 μυθικὸς
949 1905 1048 1991 λόγος
1066 1903 1149 1994 ὑπὲρ
1165 1919 1189 1959 1⁵

133 2011 240 2081 αὐτοῦ
262 2010 392 2091 τοιόςδε
415 2013 651 2098 παραδέδοται.

224 2121 374 2186 ΧΧΧΧΙ.
404 2116 442 2184 ‘0
470 2116 501 2186 δ’
532 2116 773 2205 ἀληθέστερος,
806 2109 833 2210 ᾦ
865 2118 984 2186 πολλοὶ
1014 2121 1083 2185 τῶν
1112 2120 1149 2186 έν

133 2229 284 2314 ἱστορίας
316 2224 456 2312 σχήματι
487 2223 545 2305 τάς
577 2223 712 2311 πράξεις
749 2222 853 2292 αὐτοῦ
891 2226 1149 2312 διηγησαμένων

135 2331 335 2420 ἐχρήσαντο,
357 2331 499 2411 τοιόςδε·
524 2328 568 2410 ὡς
592 2330 816 2418 στρατηλάτης
839 2330 1022 2418 γενόμενος
1044 2329 1148 2398 ἀπάν-

133 2465 203 2506 των
229 2436 404 2524 κράτιστος
430 2442 497 2506 τάν
525 2435 605 2505 καθ’
632 2435 753 2506 ἑαυτὸν
778 2435 943 2525 Ἡρακλῆς
965 2437 1021 2506 καὶ
1045 2438 1147 2506 δννά-
1162 2451 1189 2490 2⁰

134 2571 221 2632 μεως
252 2547 377 2632 πολλῆς
408 2542 595 2632 ἡγούμενος
632 2541 765 2612 ἅπασαν
798 2546 924 2630 έπῆλθε
960 2543 1022 2632 τὴν
1055 2543 1149 2625 ἐντός

130 2648 308 2736 Ὠκεανοῦ,
340 2650 515 2720 καταλύων
546 2650 607 2739 μὲν
636 2659 669 2718 εί
696 2678 747 2730 τις
773 2659 823 2737 είη
846 2652 1008 2738 τυραννὶς
1029 2658 1147 2740 βαρεῖα

132 2759 189 2826 καὶ
221 2755 354 2845 λυπηρά
385 2771 455 2838 τοῖς
487 2755 686 2846 ἀρχομένοις
712 2753 733 2843 ἢ
760 2756 857 2838 πόλις
883 2755 1064 2846 ὑβρίζουσα
1091 2759 1147 2826 καὶ

133 2865 318 2951 λωβωμένη
350 2861 408 2942 τάς
439 2865 539 2944 πέλας
571 2859 592 2950 ἢ
625 2863 727 2950 μοναί
759 2861 953 2953 ἀνθρώπων
990 2863 1145 2956 ἀνημέρῳ

206 3083 219 3130 1
241 3071 330 3138 αότάς
343 3077 391 3132 Bb
410 3071 565 3140 αότοιῖςΒε,
583 3071 681 3139 αὐτοῖς
695 3077 720 3130 Α
737 3079 741 3146 Ι
757 3072 798 3132 δι’
813 3071 859 3148 ἀς]
874 3073 923 3132 διά
938 3079 963 3131 Α
1007 3082 1023 3131 5
1039 3074 1145 3131 ἐπέθο-

133 3167 182 3202 σιν
207 3146 230 3202 Ο
258 3163 326 3202 corr.
350 3147 459 3216 Krflger
484 3147 570 3202 Index
592 3165 634 3218 gr.
659 3167 700 3218 gr.
725 3165 753 3218 p.
777 3153 830 3204 250
921 3155 937 3203 6
959 3148 1009 3215 τῆς
1036 3147 1147 3202 addidit

131 3216 276 3288 Kiessling
298 3219 457 3305 λεγομένη.
476 3219 599 3288 καγορᾶς
617 3220 643 3272 Α
668 3222 671 3282 Ι
697 3218 729 3274 δὲ
754 3221 871 3289 πλησίον
893 3220 919 3272 A
938 3260 944 3272 .
964 3261 969 3272 .
989 3220 1105 3286 πλησίον
1124 3219 1146 3271 Β

169 3295 203 3377 133
223 3284 293 3375 ριαςέ
309 3284 395 3352 ὁδους
414 3291 517 3344 Usener
525 3334 536 3376 ,Ι
552 3290 682 3346 Meineke
700 3286 845 3377 παρόδους
863 3291 930 3344 Ba?
949 3284 1086 3358 παρόδοις
1100 3291 1146 3344 Bb

130 3361 304 3500 ῗσάἀρίάὃοέά
326 3361 1039 3520 ἀγηματά4ΒχωραέθῌΗωκλάςαόἜάἀιδέᾟόΒΟοε.
1060 3365 1094 3501 ff
1110 3356 1146 3486 ἀδ

167 3507 203 3556 24
225 3505 389 3572 λωβουμενη
413 3503 460 3557 Bb
485 3507 489 3572 Ι
517 3497 532 3572 ἢ
557 3503 641 3574 μοναί
660 3521 683 3558 ο.
700 3504 830 3559 Meineke
855 3498 1008 3573 ἡγεμονίας
1029 3504 1054 3558 R
1080 3498 1145 3572 ἡγε-

184 3609 284 3659 Βιοιιτε,
299 3609 363 3650 Hm.
382 3611 400 3650 Ι.
414 3620 453 3651 ιο.
467 3611 568 3653 σεοοετ.
693 3666 695 3669 Ι
969 3597 985 3645 5
