2682 3982
551 203 715 256 -B-
1071 199 1138 266 233

125 369 278 448 φθησαν,
301 364 338 430 ἐν
357 355 411 442 αἷς
433 361 452 431 ὁ
471 389 540 432 ταν
559 359 778 450 αἰχμαλώτων
798 359 896 448 ὄχλος
914 365 961 441 είς
978 359 1041 448 τὴν
1060 357 1138 430 Ῥῶ-

125 493 193 554 μην
210 469 370 555 κατήγετο
390 469 447 537 διὰ
466 472 527 538 τοῦ
545 472 707 556 ποταμοῦ.
743 458 842 548 οὗτος
857 465 1009 554 κατήχθη
1027 473 1139 557 τρίτος
1157 474 1178 541 5

8 631 10 636 ,
125 570 191 641 ὑπὸ
214 571 389 662 Ῥωμύλου
420 581 610 666 θρίαμβρος
642 579 757 666 μακρῷ
788 577 857 644 τῶν
885 575 1057 662 προτέρων
1088 577 1138 644 ἐκ·

125 683 354 769 πρεπίστερος.
394 683 450 751 καί
469 679 539 770 μετ’
561 680 603 752 ού
621 678 709 750 πολὺ
728 677 943 750 Οὐιεντανῶν
961 686 1139 768 πρεσβείας

125 783 332 874 ἀφικομένης
354 789 429 877 περὶ
453 787 638 868 διαλύσεως
660 790 721 856 τοῦ
740 788 888 874 πολέμου
910 786 965 854 καί
987 785 1138 874 συγγνῶ-
1165 819 1179 860 ε

125 918 193 979 μην
234 896 302 962 τῶν
348 890 593 982 ἁμαρτημάτων
634 891 793 980 ἀξιούσης
833 898 950 980 λαβεῖν
987 896 1082 973 δίκας
1119 891 1137 962 ὁ

120 995 288 1085 Ῥωμύλος
310 997 426 1080 αύτοῖς
447 1002 618 1088 ἐπιτίθησι
639 999 750 1080 τάςὸε·
774 998 887 1087 χῶραν
909 1026 945 1068 τε
967 1003 1138 1087 παραδοῦ-

124 1130 183 1172 ναι
200 1101 375 1193 Ῥωμαίοις
401 1104 463 1194 τήν
489 1111 636 1194 προσεχῆ
663 1110 709 1198 τῷ
737 1109 888 1196 Τεβέρει,
909 1104 988 1188 τοὺς
1017 1113 1138 1178 καλου-

124 1212 248 1297 μένους
265 1210 367 1282 Ἑπτά
392 1215 535 1301 πάγους,
558 1215 614 1283 καὶ
641 1217 709 1284 τῶν
737 1211 829 1283 ἁλῶν
856 1211 1043 1301 ἀποστῆναι
1069 1218 1138 1284 τῶν

123 1317 214 1404 παρά
240 1333 313 1399 ταῖς
340 1322 493 1407 ἐκβολαῖς
519 1323 580 1389 τοῦ
607 1323 775 1408 ποταμοῦ,
806 1324 868 1388 τοῦ
892 1319 930 1388 δὲ
960 1319 1066 1408 μηδὲν
1091 1325 1138 1390 ἐτι
1153 1352 1179 1392 ιο

124 1430 319 1507 νεωτερίσαι
350 1423 388 1495 τὸ
420 1424 541 1495 πιστὸν
572 1439 755 1514 παρασχεῖν
788 1423 899 1514 ὅμηρα
930 1426 1137 1514 πεντήκοντα

125 1526 321 1616 ἀγογόντας.
379 1528 636 1619 ὑπομεινάντων
679 1531 716 1600 δέ
753 1529 970 1600 Οὐιεντανῶν
1007 1530 1178 1604 ῶπανταθ

123 1639 228 1706 ταῦτα
256 1633 405 1717 σπονδάς
430 1637 657 1724 ποιησάμενος
683 1635 767 1726 πρὸς
794 1635 917 1718 αύτούς
943 1643 991 1718 είς
1018 1639 1137 1709 ἑκατὸν

125 1747 181 1828 ἐτη
205 1742 340 1831 στήλαις
356 1744 538 1832 ,ἐνεχάραξε
560 1743 619 1826 τὰς
641 1742 830 1832 ὁμολογίας.
874 1748 943 1813 τῶν
968 1743 999 1812 δ’
1021 1750 1138 1833 αίχμα-

125 1847 241 1918 λύτων
268 1848 348 1930 τοὺς
375 1849 436 1938 μέν
465 1848 599 1918 ἀπιέναι
631 1852 862 1938 βουλομένους
895 1848 1024 1938 ἀφῆκεν
1053 1850 1137 1921 ἄνευ
1152 1881 1179 1922 ιε

4 1967 5 1980 ’
124 1954 269 2044 λύτρων,
290 1954 371 2036 τοὺς
392 1954 425 2024 β’
446 1954 552 2026 αὐτοῦ
575 1959 689 2044 μένειν
711 1958 1003 2047 προαιρουμένους
1025 1962 1137 2050 πολλῷ

72 2068 267 2143 εσιπλείοος
290 2061 392 2144 ὄντας
413 2068 482 2134 τῶν
510 2065 634 2152 ἑτέρων
660 2069 796 2144 πολίτας
817 2063 1044 2152 ποιησάμενος
1066 2077 1139 2146 ταῖς
1159 2139 1161 2144 ,

125 2167 290 2258 φράτραις
324 2171 481 2240 ἐπιδιεῖλε
516 2173 572 2239 καὶ
608 2171 754 2258 κλήρους
789 2169 904 2251 αὐτοῖς
939 2172 1138 2259 προσένειμε

4 2329 6 2334 .
126 2273 231 2360 [τοὺς]
255 2276 310 2344 ἐπὶ
329 2275 411 2345 τάδε
432 2279 494 2346 τού
521 2280 685 2366 Τεβέριος.

213 2384 298 2452 LVI.
327 2375 431 2452 Οὗτοι
452 2386 665 2470 συνέστησαν
688 2388 725 2451 οί
743 2383 883 2471 πόλεμοι
901 2381 1060 2475 Ῥωμύλῳ
1082 2383 1137 2453 λό-
1152 2415 1180 2456 ω

124 2515 188 2576 γου
210 2491 266 2558 καί
284 2489 417 2578 μνήμης
439 2488 537 2571 ἀξιοι.
577 2493 639 2559 τοῦ
658 2489 696 2558 δέ
714 2489 819 2577 μηδὲν
840 2495 888 2560 ἔτι
905 2493 974 2559 τῶν
992 2497 1137 2578 πλησίον

124 2596 239 2665 ἐθνῶν
260 2594 496 2683 ὑπαγαγέσθαι
523 2585 638 2684 ταχεῖα
665 2594 686 2684 ή
709 2596 844 2684 τελευτή
868 2600 930 2666 τοῦ
952 2602 1032 2684 βίου
1055 2617 1137 2685 συμ-

4 2701 5 2704 '
123 2705 212 2788 βᾶσα
231 2708 279 2772 ἔτι
297 2702 476 2792 ἀκμάζοντι
496 2702 585 2796 αύτῶ
603 2701 645 2772 τά
658 2705 800 2791 πολέμια
813 2703 971 2792 πράττειν
991 2707 1027 2774 ἐν
1047 2710 1137 2795 αίτία

123 2811 285 2895 γενέσθαι
313 2812 420 2893 ἔδοξε·
450 2802 577 2900 περὶ
555 2837 596 2897 ης
622 2811 741 2878 πολλοὶ
770 2813 1018 2898 παραδίδονται
1041 2810 1137 2897 λόγοι

123 2916 368 3007 καίάιάφοροι.
406 2921 441 2992 οί
457 2908 579 3006 μὲν
540 2943 602 2986 ουν
621 2916 914 3006 μυθωδέστερα
879 2945 920 2986 τα
937 2919 1014 3007 περὶ
1032 2893 1178 3022 αὐτοῦ2
1295 2919 1298 2926 ’

123 3026 300 3103 ποιοῦντες
332 3023 589 3112 ἐκκλησιάζοντά
626 3043 732 3110 φασιν
769 3021 873 3094 αύτὸν
910 3025 964 3092 ἐπὶ
999 2981 1178 3108 στρατο-25
1229 3039 1241 3068 ⁴

195 3177 376 3252 ν*ήγθηο
450 3176 524 3251 ῖχά
503 3202 578 3251 ρας
595 3183 644 3238 Ba
715 3178 841 3239 θάλλων
842 3181 977 3308 ὅΟοοττ.
996 3180 1137 3250 Gelenius,

125 3249 246 3322 sylburg
318 3261 351 3308 11
372 3271 514 3320 νεωτεριει
507 3259 579 3310 νο.
600 3255 690 3310 Cobet
708 3253 822 3323 Obmp.
949 3259 981 3307 17
1001 3253 1058 3306 τῶν
1041 3225 1137 3308 ν-ἐτέ

141 3342 181 3376 ων
209 3323 633 3410 de1.ReudlerTiroo.p.24
716 3332 812 3380 19τ
772 3272 814 3359 *p
796 3319 863 3386 τύος
860 3259 908 3378 20
935 3324 985 3392 τῆς
1008 3321 1136 3396 ΒεὶεΙεεΙ

124 3342 276 3450 ἐπίτούτ
260 3389 367 3456 τάᾶεΒ
430 3391 514 3451 20οί
528 3345 621 3454 Bpom.
637 3399 663 3452 R
726 3404 759 3452 21
778 3397 902 3464 πλησίων
916 3395 961 3450 Ba
1024 3396 1138 3464 λῦπερλ

125 3459 180 3518 αύτ
182 3460 258 3520 ὀνο.
278 3463 367 3521 Cobet
385 3465 449 3524 obs.
468 3483 496 3536 p.
516 3474 549 3522 52
