2682 3982
560 217 722 272 -Β-
971 313 973 320 Ι
1084 217 1150 284 235

135 377 182 466 τῷ
201 375 298 467 φόνςο
312 375 393 474 καθ’
415 372 456 446 δν
475 375 601 465 χρόνον
621 375 751 465 δηλαδὴ
765 379 821 446 καὶ
834 375 872 446 τὸ
886 375 1006 458 σκότος
1019 380 1150 466 ἐγένετο

137 484 441 564 διασκεδασθέντος
473 487 508 552 ἐκ
544 488 602 572 τῆς
639 487 814 572 ἐκκλησίας
854 489 915 554 τοῦ
952 483 1063 572 δήμου
1093 485 1150 553 καὶ

80 592 359 674 Βῡῖμονοοθέντος
385 593 444 678 τῆς
471 596 623 680 φυλακῆς
650 597 712 660 τοῦ
741 589 915 680 ἡγεμόνος.
965 588 1022 660 διὰ
1049 594 1149 659 τοῦτο

134 697 222 780 γοῦν
249 715 333 783 φασι
360 695 422 785 τὴν
452 695 580 786 ἡμέραν
614 702 651 767 έν
680 690 700 788 ᾖ
727 697 765 768 τὸ
792 698 903 779 πάθος
934 701 1065 792 ἐγένετο
1092 701 1152 784 τῆς

135 803 260 887 τροπῆς
285 806 348 871 τοῦ
375 803 530 892 πλήθους
557 804 736 892 ἐπώνυμον
765 802 852 873 εἶναι
879 805 935 874 καὶ
963 807 1059 894 μέχρι
1081 808 1150 873 τάν
1177 829 1191 874 ι

133 903 214 974 καθ’
239 904 326 995 ἡμᾶς
349 908 483 998 χρόνων
507 909 610 999 όχλου
632 909 747 998 φυγὴν
770 919 956 979 καλεῖσθαι.
1003 916 1090 978 ἔοικε
1114 909 1146 977 δ’
1168 912 1188 977 6

135 1010 178 1080 οῦ
194 1011 322 1102 ’μικράν
341 1013 502 1104 άφορμὴν
519 1018 676 1106 παρέχειν
694 1031 765 1097 τοῖς
782 1021 983 1086 θεοποιοῦσι
1006 1015 1046 1086 τδι
1064 1026 1150 1104 θνη-

133 1116 175 1186 τά
196 1121 252 1188 καὶ
276 1125 323 1202 είς
347 1120 497 1210 οὐρανὸν
519 1123 761 1211 ἀναβιβάζουσι
781 1122 840 1203 τάς
857 1121 966 1211 ι’γυχδις
988 1126 1057 1191 τάν
1081 1125 1150 1190 έπι-

134 1229 255 1312 φανόν
278 1227 319 1296 τά
343 1229 518 1318 συμβάντα
541 1232 576 1298 έκ
598 1235 659 1299 τοῦ
676 1234 763 1299 θεοῦ
785 1229 861 1319 περὶ
884 1228 947 1318 τὴν
971 1229 1149 1318 σύγκρισιν

133 1337 195 1401 τοῦ
218 1332 344 1421 ἀνδρὸς
368 1337 500 1406 ἐκείνου
521 1338 577 1405 καί
599 1335 661 1424 τὴν
685 1337 863 1425 διάκρισιν.
906 1342 943 1405 ἔν
965 1363 1001 1406 τε
1019 1335 1084 1426 γάρ
1102 1341 1147 1430 τῷ
1162 1363 1189 1403 ιο

132 1445 264 1533 βιασμῷ
292 1447 351 1529 τῆς
378 1441 503 1534 μητρὸς
530 1441 635 1512 αι’ποῦ
663 1441 731 1512 εἶθ’
756 1441 813 1511 ὑπ’
834 1442 1030 1533 ἀνθρώπων
1056 1443 1150 1524 τινὸς

133 1544 201 1614 είθ’
226 1543 292 1617 ῦπὸ
320 1554 408 1618 θεοῦ
438 1552 610 1640 γενομένῳ
640 1549 702 1618 τὸν
733 1548 833 1638 ἥλιον
866 1553 1012 1619 ἐκλιπεῖν
1043 1570 1149 1638 φασιν

133 1649 216 1720 ὅλον
243 1655 299 1722 καί
326 1653 446 1736 σκότος
472 1660 642 1735 παντελῶς
670 1653 780 1744 ὥσπερ
808 1659 845 1725 έν
873 1658 969 1725 νυκτὶ
997 1657 1059 1744 τὴν
1083 1660 1148 1744 γῆν

132 1774 310 1848 κατασχεῖν
342 1767 380 1830 ἒν
406 1787 442 1832 τε
472 1767 513 1852 τῇ
545 1767 681 1851 τελευτῇ
714 1762 819 1831 αὐτοῦ
846 1759 947 1831 ταῦτὸ
978 1765 1148 1850 συμβῆναι

5 1905 15 1952 J
132 1867 268 1952 λέγουσι
287 1865 406 1947 πάθος.
444 1865 461 1936 δ
482 1867 544 1956 μέν
563 1866 607 1956 δὴ
625 1873 739 1948 κτίσας
756 1867 819 1956 τὴν
836 1865 967 1956 Ῥάμην
985 1869 1042 1936 καί
1059 1869 1147 1955 πρῶ-

4 1963 5 1972 *
132 1999 190 2052 τος
212 1969 427 2061 ἀποδειχθεὶς
452 1971 510 2044 ὑπ’
536 1972 639 2062 αὐτῆς
664 1973 823 2062 βασιλεὺς
840 1973 1009 2063 Ῥωμύλος
1035 1971 1148 2043 τοιαῦ-

131 2105 192 2165 της
230 2080 359 2167 λέγεται
400 2086 554 2169 τελευτῆς
596 2096 726 2169 τυχεῖν,
763 2078 926 2168 οῦδεμίαν
967 2082 1000 2163 ἐξ
1042 2077 1148 2148 αὑτοῦ

132 2186 254 2272 γενεὰν
276 2185 484 2273 καταλιπόν,
508 2185 587 2256 ἑπτά
611 2187 674 2276 μὲν
697 2193 753 2274 ότη
771 2188 826 2256 καὶ
849 2185 1029 2278 τριάκοντα
1051 2191 1146 2272 βασι-

78 2291 273 2378 3ῖῖλεῦσας,
296 2289 523 2378 πεντηκοστὸν
552 2292 590 2362 δὲ
616 2293 672 2361 καὶ
700 2295 849 2381 πέμπτον
877 2298 949 2374 ἔτος
972 2297 1058 2379 ἔχων
1081 2288 1145 2360 άπδ

131 2385 278 2486 γενεάς.ι
297 2401 375 2478 νίος
396 2397 460 2488 γάρ
480 2398 523 2486 δὴ
541 2398 754 2468 παντάπασιν
774 2405 868 2486 ἔτυχε
889 2402 948 2486 τῆς
965 2395 1147 2486 ἡγεμονίας
1160 2431 1186 2473 τι

117 2501 434 2591 ,ὀκτωκαιδεκαέτης
448 2503 551 2591 <όόν>,
566 2501 772 2586 οῦςάπαντες
791 2502 1017 2592 ὁμολογοῦσιν
1037 2507 1072 2574 οί
1088 2503 1147 2584 τὰς

131 2610 207 2698 περὶ
230 2607 336 2678 αῦτοῦ
360 2609 614 2702 συγγράψαντες
637 2614 794 2698 ίστορίας.

221 2718 323 2784 LVII.
359 2721 412 2810 Τῷ
437 2716 471 2786 δ’
498 2719 571 2805 ἑξῆς
594 2720 737 2810 ένιαυτςῦ
765 2716 921 2804 βασιλεῦς
947 2717 1010 2806 μὲν
1034 2715 1147 2796 οὐδεὶς

131 2819 316 2911 ἀπεδείχθη
334 2821 524 2912 Ῥωμαίων,
554 2823 639 2912 ἀρχὴ
663 2827 703 2894 δέ
722 2851 787 2911 τις,
814 2821 858 2912 ἣν
885 2828 1025 2892 καλοῦσι
1047 2843 1146 2910 μεσο-

130 2933 317 3018 βασίλειον,
345 2933 531 3018 ἐπεμελεῖτο
557 2934 627 3000 τῦν
654 2935 781 3000 κοινάν
806 2931 945 3000 τοιόνδέ
967 2956 1044 2998 τινα
1070 2929 1146 3018 τρό·
1160 2959 1186 3001 ιι

132 3058 198 3103 πον
226 3033 509 3124 ἀποδεικνυμένη·
541 3041 610 3106 τῶν
637 3043 821 3126 πατρικίων
852 3041 888 3105 οί
916 3039 1145 3124 καταγραφέν-

129 3165 184 3220 τες
206 3147 254 3222 είς
275 3139 338 3230 τὴν
361 3143 491 3230 βουλὴν
518 3139 585 3212 ὑπὸ
603 3140 777 3230 Ῥωμύλου
801 3141 968 3210 διακόσιοι
990 3140 1052 3210 τὸν
1074 3138 1146 3230 άρι·

1168 1841 1187 1906 λ

1162 1928 1188 1968 15

203 3340 217 3388 1
234 3331 377 3404 δηλαδὴΟ
393 3331 428 3404 δὴ
445 3332 513 3406 ζάλη
524 3354 547 3392 ο.
557 3337 660 3392 ΒείεΙεο
674 3332 692 3406 ἡ
708 3331 775 3420 ζάλη
785 3335 927 3424 Κῇεεεὶὶαρ
981 3341 1039 3405 4γε
1055 3329 1107 3390 οῦν
1121 3335 1144 3390 Ο

132 3411 166 3459 12
181 3403 400 3493 γ<ι>νομένφΒ
455 3413 487 3462 13
507 3405 798 3494 παντελὶςοβειρλῳ
855 3412 888 3460 21
904 3405 1146 3476 οκτακαιδεκότης
1193 3431 1195 3434 ·

129 3475 177 3530 Bb
193 3477 197 3546 Ι
214 3496 255 3531 mv
278 3477 341 3532 add.
357 3477 513 3534 Anbrosoh
580 3485 615 3534 22
633 3477 699 3550 περὶ
717 3497 807 3533 αυτον
827 3493 851 3532 ο.
870 3476 960 3534 Cobet
979 3475 1045 3534 θῦε.
1063 3497 1090 3548 p.
1110 3483 1144 3534 ⁶2
