2682 3982
566 229 736 282 ...Β-

93 405 261 475 ολτχουσα
284 390 344 456 τοῦ
366 386 496 475 κόσμου
517 387 622 458 τόπον
649 387 708 469 τὰς
735 385 875 469 ἀνάψεις
896 393 957 458 τοῦ
980 393 1161 476 μεταρσίου

148 507 291 562 ποιεῖται
318 491 425 582 πυρὸς
451 491 511 581 ἀφ’
538 495 666 582 ἑαυτῆς.
716 496 781 563 είσλ
810 497 850 564 δέ
877 520 967 576 τινες
995 498 1032 562 οἵ
1055 514 1160 582 φασιν

150 602 211 682 ἐξω
240 603 302 668 τοῦ
329 599 436 690 πυρὸς
462 597 634 690 άπόρρητα
665 614 736 680 τοῖς
762 608 899 680 πολλοῖς
927 599 1000 689 ίερδι
1026 607 1165 669 κείσθαί

148 733 225 775 τινα
252 708 290 776 ἐν
317 711 363 800 τῷ
392 709 521 796 τεμένει
552 711 611 795 τῆς
637 711 737 794 θεᾶς,
766 698 814 778 ὧν
843 711 936 776 οἵτε
965 707 1162 797 ἱεροφάνται

149 810 211 900 τὴν
241 815 371 900 γνῶσιν
404 819 519 902 ἔχουσι
550 815 606 884 καλ
638 818 676 883 ac
695 817 878 904 παρθένοι,
910 813 1089 903 τεκμήριον
1120 812 1189 884 οόο

149 919 271 1010 μικρὸν
299 919 522 1010 παρεχόμενοι
549 925 610 990 τοῦ
637 920 743 1008 λόγου
769 919 808 991 τὸ
836 919 969 1009 συμβὰν
997 921 1072 1010 περὶ
1099 920 1161 1008 τὴν

151 1032 315 1114 ἔμπρησιν
348 1031 409 1096 τοῦ
444 1031 538 1117 ἱεροῦ
569 1026 652 1097 κατὰ
687 1026 749 1098 τὸν
784 1026 981 1098 Φοινικικὸν
1012 1027 1162 1117 πόλεμον

149 1132 210 1204 τὸν
238 1137 372 1222 πρῶτον
400 1134 568 1204 συστάντα
590 1132 766 1222 Ῥωμαίοις
792 1133 876 1224 πρὸς
903 1138 1163 1222 Καρχηδονίους

150 1243 226 1329 περὶ
253 1246 420 1322 Σικελίας.
465 1244 716 1332 ἐμπρησθέντος
742 1241 806 1331 γάρ
833 1247 895 1312 τοῦ
921 1245 1081 1330 τεμένους
1107 1240 1204 1312 καλ4

148 1352 217 1418 τῶν
244 1348 427 1437 παρθένων
455 1353 656 1436 φευγουσῶν
690 1350 725 1416 ἐκ
752 1353 813 1417 τοῦ
845 1348 952 1438 πυρὸς
979 1352 1048 1419 τῶν
1077 1353 1163 1438 ίερο-
1178 1365 1204 1404 1⁰

149 1459 289 1540 φαντάν
316 1481 366 1536 τις
394 1455 537 1535 Λεύκιος
559 1460 735 1534 Καικίλιος
762 1452 780 1523 6
807 1453 1014 1541 καλούμενος
1036 1456 1163 1524 Μέτελ-

151 1559 250 1641 λος’
231 1559 319 1649 ανὴρ
342 1558 516 1647 υπατικός,
545 1559 563 1630 6
590 1560 651 1630 τὸν
674 1559 716 1630 άο
718 1565 832 1648 ίδιμον
860 1563 896 1630 ἐκ
918 1561 1116 1656 Σικελίας’
1098 1561 1162 1630 απὸ

153 1671 402 1799 Καρχηδονίων
442 1664 640 1754 καταγαγιδν
682 1665 766 1738 ὀκτεδ
806 1669 862 1736 καλ
902 1657 1069 1776 τράκοντα
1108 1669 1164 1736 καί

150 1773 269 1844 ἑκατὸν
307 1773 500 1862 ἐλεφάντων
540 1779 730 1862 θρίαμβον,
770 1745 948 1862 ὑπεριδων
980 1777 1039 1860 τῆς
1076 1777 1165 1853 ίδίας

151 1879 335 1970 άσφαλείας
371 1884 432 1950 τοῦ
467 1907 565 1970 κοινη
607 1882 840 1970 συμφέροντος
876 1881 973 1949 ενεκα
1008 1903 1164 1966 παρεκιν-
1179 1893 1204 1934 ¹⁵

151 1987 316 2057 δύνευσεν
349 1993 397 2068 είς
427 1985 467 2056 τὰ
498 1986 661 2076 καιόμενα
693 1986 879 2074 βιάσασθαι
909 1986 966 2054 καλ
997 1984 1038 2055 τὰ
1067 2012 1164 2055 κατα·
1219 1999 1222 2006 “

150 2096 336 2182 λειφθέντα
363 2090 428 2162 ὑπὸ
456 2097 525 2164 τῶν
556 2095 741 2183 παρθένων
769 2091 920 2182 ἁρπάσας
948 2090 1020 2181 ίερδι
1048 2095 1165 2162 διέσω-

150 2219 209 2269 σεν
234 2202 279 2270 ,ἐκ
309 2204 371 2270 τοῦ
402 2200 522 2289 πυρός·
556 2198 608 2288 ἐφ’
640 2191 667 2292 ηδ
699 2199 796 2288 τιμὰς
826 2197 916 2288 παρά
947 2203 1006 2286 τῆς
1037 2199 1165 2280 πόλεως

152 2309 349 2395 ἐξηνέγκατο
374 2306 532 2395 μεγάλας,
557 2304 601 2386 ὡς
628 2304 649 2394 ἡ
673 2311 731 2394 τῆς
759 2306 891 2386 εἰκόνος
918 2305 1023 2375 αὐτοῦ
1045 2311 1105 2395 τῆς
1127 2309 1202 2447 ἐη5

151 2419 354 2508 Καπιτωλίῳ
386 2416 541 2502 κειμένης
573 2412 739 2501 ἐπιγραφὴ
772 2426 940 2502 μαρτυρεῖ.
994 2416 1095 2482 τοῦτο
1124 2416 1165 2501 δη

150 2521 313 2609 λαβόντες
345 2519 619 2609 ὁμολογούμενον
653 2518 937 2589 ἐπισυνάπτουσιν
965 2515 1062 2588 αὐτοὶ
1092 2538 1166 2588 στο-

94 2627 305 2716 οτςχασμοός
326 2654 421 2708 τινας
445 2631 568 2714 ἰδίους,
598 2629 633 2696 oc
658 2625 720 2716 μὲν
744 2628 779 2695 ἐκ
802 2629 870 2695 τάν
894 2627 931 2694 ἐν
955 2625 1166 2716 Σαμοθράκη

150 2737 304 2821 λέγοντες
332 2737 433 2822 ίεράν
460 2748 583 2821 μοῖραν
612 2731 703 2801 εἶναί
688 2738 802 2802 ίτινα
825 2731 1139 2820 φυλαττομένην
1104 2759 1166 2820 την

152 2842 294 2928 ἐνθάδε,
332 2839 521 2928 Δαρδάνου
562 2839 625 2928 μὲν
666 2844 713 2920 είς
748 2837 810 2927 τὴν
851 2836 910 2927 ὑφ’
943 2840 1065 2908 ἑαυτοῦ
1100 2864 1167 2907 κτι-

152 2957 296 3017 σθεῖσαν
328 2946 429 3016 πόλιν
462 2949 497 3016 ἐκ
528 2951 588 3034 τῆς
616 2947 726 3034 νήσου
757 2944 798 3015 τὰ
830 2945 903 3034 ίερὰ
933 2947 1167 3034 μετενεγκαμέ-
1181 2963 1208 3004 ²⁵

1181 2470 1207 2510 20

226 3219 242 3268 5
260 3217 326 3286 post
341 3211 436 3283 ἔχουσι
450 3213 591 3300 Kiessling
604 3208 688 3284 μόνοι
703 3211 839 3268 excidisse
854 3213 948 3266 censet
1002 3217 1034 3265 11
1050 3209 1168 3300 κ<ε>κί

154 3286 254 3349 λιοςΒ
326 3290 359 3340 16
378 3280 621 3354 παρεκινδύνευσε
640 3287 666 3339 Α
738 3289 773 3339 20
791 3283 954 3355 καπετωλίφ
972 3282 1017 3350 ΒΙ
1037 3281 1169 3368 κειμένης

153 3357 291 3414 Bfloheler
327 3350 517 3446 ἀνακειμένης
539 3355 643 3411 Reiske
679 3353 879 3426 γενομένηςΟ
966 3358 999 3408 21
1024 3347 1167 3415 αότοῖςΟ

155 3434 189 3484 23
208 3449 272 3482 τινα
292 3425 507 3510 φυλαττομενην
525 3427 548 3482 Β
571 3427 609 3498 τῷ
630 3425 725 3481 αίνεία
744 3422 959 3496 φυλαττομένην
977 3425 1003 3479 R
1025 3444 1088 3480 τινα
1107 3426 1168 3479 δια·

156 3497 414 3570 φυλαττομένηνο.
435 3497 558 3554 Sintenis
576 3481 637 3553 16m
657 3497 739 3554 Dion.
759 3499 816 3566 Ip.
837 3501 869 3550 17
