2660 3986
554 207 721 258 „p-

130 365 220 449 αίρεῑ
241 361 368 449 χρόνον
391 365 426 431 ἐκ
448 362 661 450 παρατάξεώς
687 390 722 432 τε
750 363 890 452 νικήσας
917 365 972 432 καὶ
1001 363 1058 432 διὰ
1080 390 1145 432 τει-

129 475 291 556 χομαχίας
312 468 621 557 παραστησάμενος,
644 469 724 550 τούς
747 496 783 539 τε
806 467 950 550 ἁλόντας
974 467 1076 538 οὐδέν
1095 461 1145 538 ὧν

39 579 41 584 ’
131 573 223 662 εἶχον
251 573 459 664 ἀφελόμενος
486 581 533 657 είς
556 574 688 665 Ῥάμην
717 576 885 665 μητήγαγε
916 579 972 646 καὶ
999 581 1058 664 τῆς
1085 575 1144 658 πό-

129 690 212 762 λεως
244 689 291 762 είς
322 681 530 770 κατασκευὴν
563 687 680 752 οἰκιῶν
712 683 818 753 τόπον
850 683 1040 773 ἀπεμέρισε·
1073 687 1183 752 Με-3

131 791 273 858 δυλλίαν
304 815 340 858 τε
370 793 481 878 τριετῆ
514 787 641 878 χρόνον
668 786 735 857 ὑπὸ
761 804 832 870 τοῖς
860 797 1020 870 Λατίνοις
1049 809 1171 878 γενο-5

129 897 236 983 μένην
263 899 309 987 τῷ
338 895 482 987 τετάρτῳ
510 901 684 994 κομίζεται
703 895 805 964 πάλιν
836 898 978 989 ἐνιαυτῷ
1006 905 1145 976 πολλαῖς

129 1004 185 1070 καὶ
213 1002 371 1089 μεγάλαις
402 1001 699 1090 παραστησάμενος
731 1005 858 1090 μάχαις.
914 1005 970 1072 καὶ
1003 1001 1072 1092 μετ’
1104 1001 1145 1072 οὐ

75 1108 221 1178 οιεπολὺ
243 1108 305 1196 τὴν
327 1114 522 1178 Φικαναίων
541 1112 631 1196 αίρεῑ
651 1107 767 1195 πόλιν,
790 1106 833 1196 ἣν
856 1115 955 1201 τρίτῳ
978 1109 1144 1198 πρότερον

130 1219 272 1308 ἐνιαυτῷ
302 1213 416 1302 λαβὼν
445 1213 525 1284 καθ’
559 1213 739 1303 ὁμολογίας
770 1217 825 1284 καὶ
857 1215 935 1296 τοὺς
972 1219 1005 1299 ἐξ
1042 1215 1145 1304 αὐτῆς

129 1321 278 1403 ’ἅπαντας
305 1328 352 1404 είς
369 1320 501 1410 Ῥώμην
529 1321 742 1410 μεταγαγών,
770 1321 852 1391 ἄλλο
877 1323 915 1392 δὲ
937 1328 996 1412 τῆς
1017 1322 1145 1402 πόλεως
1159 1341 1186 1382 1⁰

131 1428 233 1498 οὐδὲν
260 1431 428 1515 κακώσας,
456 1429 698 1516 ἐπιεικέστερον
730 1433 859 1516 μᾶλλον
888 1426 908 1517 ἢ
938 1429 1144 1519 φρονιμώτε-

130 1561 194 1624 ρον
228 1537 321 1617 §does
351 1535 586 1622 βουλεύεσθαι.
642 1531 804 1615 ἀποίκους
834 1533 899 1622 γάρ
927 1535 1185 1605 ἀποστείλω-4

130 1667 184 1722 τες
206 1647 253 1723 είς
276 1640 381 1730 αὐτὴν
406 1646 442 1710 οί
463 1649 605 1711 Λατῖνοι
632 1643 688 1710 καὶ
714 1640 776 1729 τὴν
800 1641 914 1731 χώραν
938 1641 1049 1712 αὐτῶν
1073 1647 1145 1711 δια-

129 1750 323 1836 κατέχοντες
359 1747 456 1818 αὐτοὶ
492 1748 554 1836 τὴν
591 1753 659 1818 τῶν
695 1755 889 1818 Φικαναίων
926 1751 1145 1838 ἐκαρποῦντο,

131 1854 215 1924 ὥστε
241 1855 442 1944 ἠναγκάσθη
473 1855 575 1926 πάλιν
604 1853 621 1924 ὁ
651 1855 806 1945 Μάρκιος
836 1853 874 1925 τὸ
904 1855 1064 1946 δεύτερον
1092 1858 1144 1926 ἐπὶ
1159 1874 1185 1917 15

130 1961 192 2049 τὴν
220 1962 319 2032 πόλιν
348 1966 546 2050 στρατεῦσαι
572 1964 628 2031 καὶ
662 1961 743 2050 μετά
770 1966 895 2050 πολλῆς
921 1968 1145 2052 πραγματείας

130 2072 247 2156 κύριος
269 2069 372 2157 αὐτῆς
392 2068 557 2150 καταστάς
580 2072 749 2158 ἐμπρῆσαί
763 2095 798 2139 τε
820 2067 879 2151 τάς
902 2075 1009 2150 οίκίας
1030 2072 1087 2138 καὶ
1105 2067 1146 2138 τά

130 2181 221 2263 τείχη
244 2175 463 2258 κατασκάψαι.

220 2285 422 2352 XXXVIIII.
445 2281 543 2352 Μετὰ
561 2286 661 2352 τοῦτο
684 2288 838 2370 γίνονται
857 2288 1014 2352 Λατίνων
1036 2285 1145 2352 τεκαὶ

127 2386 301 2476 Ῥωμαίων
333 2387 493 2477 μεγάλαις
525 2389 690 2478 δυνάμεσι
721 2392 1006 2478 παραταξαμένων
1043 2389 1144 2478 μάχαι
1158 2415 1186 2456 ιο

131 2499 248 2565 διτταί.
288 2499 329 2584 τῇ
348 2495 410 2583 μὲν
430 2488 493 2565 οὖν
511 2497 656 2586 προτέρα
675 2495 770 2585 μέχρι
792 2502 920 2567 πολλοῦ
945 2496 1145 2585 διαγωνισά-

130 2628 228 2690 μενοι
249 2603 306 2670 καὶ
334 2601 492 2684 δόξαντες
520 2601 697 2692 ἰσόρροποι
724 2606 900 2690 γεγονέναι
923 2609 1146 2694 διεκρίθησαν

130 2709 186 2776 καὶ
214 2710 266 2778 έπὶ
293 2707 373 2789 τοὺς
400 2713 510 2790 ίιλίους
543 2708 692 2797 ἑκάτεροι
720 2707 866 2797 χάρακας
892 2707 1145 2798 ἀπηλλάγησαν,

131 2819 171 2904 τῇ
191 2812 222 2883 δ’
243 2813 366 2906 ὑστέρη
377 2813 535 2905 Ῥωμαῖοι
554 2819 674 2886 νικῶσι
692 2813 772 2897 τοὺς
791 2821 960 2898 Λατίνους
977 2819 1033 2886 καί
1050 2820 1145 2906 μέχρι

202 3054 219 3103 3
243 3042 402 3118 μετήγαγεν
427 3043 459 3103 ἐκ
482 3049 532 3118 τῆς
553 3049 580 3103 Α
661 3054 677 3103 8
703 3048 865 3102 Φικαναίων
888 3047 1056 3117 ΒοὴοοςΙθτ,
1073 3046 1144 3104 Hine.

130 3136 200 3176 rom.
219 3120 233 3174 I
251 3137 279 3190 p.
295 3126 346 3175 600
364 3121 423 3176 not.
443 3121 605 3190 φιδηναίων
623 3117 700 3174 BbR
742 3119 895 3186 ειδηναίων
911 3120 957 3173 Ba
977 3120 1145 3186 Φηκηναίων

132 3190 263 3260 SIgonius
283 3190 319 3245 ad
337 3190 399 3247 Liv.
419 3191 440 3258 Ι,
459 3197 493 3246 33
568 3197 601 3246 10
619 3185 686 3246 ἄλλο
705 3139 740 3244 &I
762 3183 816 3270 τὴν
840 3184 923 3244 πόλιν
943 3189 1064 3244 Sintenis
1082 3187 1144 3244 Em.

130 3261 212 3318 Dion.
230 3263 257 3316 11
275 3267 349 3331 p.25
415 3268 448 3316 12
469 3257 601 3325 ἐποίκους
620 3279 643 3318 ο.
662 3260 784 3316 Sintenls
802 3260 820 3316 l.
840 3259 859 3317 l.
925 3267 957 3315 13
968 3255 1064 3315 αὐτῶν
1084 3257 1144 3315 tola

130 3331 297 3402 κατέχοντες
316 3350 339 3388 ο.
358 3333 462 3388 Reiske
481 3329 575 3404 χάραν
595 3327 635 3388 δι’
651 3326 747 3386 αὐτῶν
766 3329 933 3401 κατέχοντες
952 3331 1074 3387 Sintenis
1091 3331 1110 3386 1.
1125 3315 1143 3387 I.

130 3411 165 3542 {4
185 3404 416 3531 ιῖικαναίων]Αοο.
431 3411 518 3531 τὲξί
555 3411 591 3492 00
608 3404 695 3528 νοτοΒα
713 3397 848 3472 μεγάλαις
866 3397 1004 3472 δυνάμεσι
1018 3421 1145 3473 παρατα-

147 3495 187 3546 αμ
203 3495 260 3530 νων
280 3492 334 3531 om.
517 3493 651 3545 σοοροποι
