2660 3986
205 221 271 289 336
625 225 790 278 -Γ-

203 409 257 463 τες
283 381 466 452 ἀπολεῖσθε
493 380 558 452 ὑπὸ
589 369 734 453 τούτων·
772 385 881 466 δείξας
908 380 987 462 τοὺς
1014 385 1153 468 ἔχοντας
1183 379 1225 447 τά
1301 375 1311 397 ‘'

205 491 294 576 ξίφη.
341 492 481 578 δέχεσθε
506 481 569 558 οὖν
590 487 632 559 τά
656 489 819 578 διδόμενα
836 490 893 558 καί
911 491 1049 576 γίνεσθε
1072 484 1225 556 ἀπὸτοῦ
1310 505 1311 562 ι

204 595 333 684 χρόνον
359 599 460 666 τούδε
482 595 649 685 Ῥωμαῖοι.
696 599 791 666 δυεῖν
818 593 883 684 γάρ
911 593 1041 682 ἀνάγκη
1068 593 1224 682 θάτερον
1310 601 1311 672 J

203 699 290 790 ὑμᾶς
308 717 420 774 ποιεῖν
438 699 602 792 ήῬῶμην
617 717 786 774 κατοικεῖν
799 698 820 791 ή
836 707 1003 791 μηδεμίαν
1017 701 1136 784 ἑτέραν
1153 704 1224 787 γῆν

164 776 293 904 ’ξέχειν
324 813 478 898 πατρίδα.
534 820 658 898 οἴχεται
689 807 754 898 γὰρ
787 811 896 878 ἕωθεν
929 807 1134 897 ἐκπεμφθείς
1160 805 1222 876 ὑπ’

204 917 288 1003 έμοῦ
306 916 449 1006 Μάρκος
466 915 626 1004 Ὁράτιος-
639 914 835 1005 ἀναιρήσων
857 914 920 1003 τήν
937 914 1039 985 πόλιν
1061 911 1160 1002 ὑμῶν
1186 915 1226 982 έκ

204 1027 374 1110 θεμελίων
406 1025 462 1092 καί
493 1022 572 1104 τοὺς
603 1020 810 1111 ἀνθρώπους
841 1021 990 1103 ἅπαντας
1017 1027 1064 1102 είς
1086 1018 1225 1108 Ῥῶμηυ
1310 1085 1311 1124 3

205 1127 364 1215 μετάξων.
409 1131 513 1198 ταῦτα
541 1120 605 1197 οὖν
629 1127 756 1210 εἰδότες
783 1127 866 1198 ὅσον
892 1127 985 1200 οὔπω
1008 1127 1226 1216 γενησόμενα
1310 1127 1311 1132 ’

204 1234 382 1304 παύσασθε
418 1239 634 1316 θανατῶντες
673 1237 730 1304 καὶ
765 1249 890 1306 ποιεῖτε
930 1233 971 1306 τά
1006 1233 1227 1322 κελευόμενα.

166 1351 192 1391 ¹⁰
205 1342 356 1410 Μέττιον
385 1341 423 1410 δὲ
449 1342 660 1428 Φουφέττιον
687 1339 827 1430 ἀφανῶς
853 1367 888 1411 τε
915 1338 997 1430 ἡμῖν
1024 1339 1226 1428 ἐπιβουλεύ-

206 1466 312 1516 σαντα
329 1449 385 1517 καὶ
405 1446 486 1516 οὐδὲ
504 1452 571 1517 νῦν
589 1446 782 1536 ὀκνήσαντα
801 1449 855 1518 ἐπὶ
867 1446 909 1518 τά
923 1445 1009 1518 ὅπλα
1026 1445 1107 1528 τοὺς
1119 1474 1225 1535 ταρα-

205 1553 325 1642 χῶδεις
348 1556 405 1624 καλ
428 1553 628 1635 στασιαστὰς
645 1563 760 1624 καλεῖν
783 1553 1015 1642 τιμωρήσομαι
1036 1557 1096 1640 τής
1117 1557 1226 1642 κακῆς

166 1659 261 1728 ὁκαὶ
290 1665 410 1732 δολίου
435 1664 546 1750 ψυχῆς
571 1659 680 1743 ἀξίως.
729 1664 833 1731 ταῦτα
863 1661 1021 1742 λέξαντος
1042 1658 1148 1730 αύτοῦ
1176 1660 1219 1730 τὸ
1227 1678 1277 1729 502

206 1766 268 1855 μὲν
296 1769 534 1858 ἐρεθιζόμενον
561 1771 619 1856 τής
651 1769 825 1854 ἐκκλησίας
857 1767 958 1856 μέρος
984 1769 1136 1854 ἔπτηξεν,
1167 1762 1227 1836 οἷα

168 1901 194 1940 ιε
209 1873 251 1963 δή
273 1875 505 1964 κρατούμενον
528 1872 658 1964 ἀνάγκη
682 1871 837 1966 ἀφύκτῳ,
861 1873 923 1944 τὸν
946 1872 985 1941 δδ
1009 1875 1226 1961 Φουφέττιον

206 1980 462 2069 ἀγανακτοῦντα
490 1985 539 2050 ἔτι
565 1981 621 2050 καὶ
647 1980 831 2068 κεκραγότα
859 1980 967 2069 μόνον
994 1981 1053 2062 τάς
1081 2005 1116 2050 τε
1140 1999 1226 2050 συυ-
1310 2045 1311 2048 ,

206 2088 316 2176 θήκας
352 2087 644 2176 ἀνακαλούμενον,
685 2083 725 2168 ἃς
761 2085 862 2168 αὐτὸς
898 2088 1079 2176 ἐξηλέγχθη
1116 2112 1225 2175 παρα·
1310 2075 1311 2120 ³

208 2199 378 2282 σπονδῶν,
400 2197 458 2264 καὶ
481 2192 555 2263 οὐδ’
581 2197 618 2264 έν
640 2207 756 2275 κακοῖς
776 2199 837 2264 τοῦ
860 2195 1014 2283 θράσους
1034 2192 1225 2283 ὑφιέμενον

208 2305 244 2372 οί
264 2303 450 2390 ῥαβδοῦχοι
471 2299 692 2382 κελεύσαντος
714 2305 774 2371 τοῦ
796 2303 961 2389 βασιλέως
986 2300 1119 2370 Τύλλου
1142 2309 1225 2372 συλ-

168 2407 370 2496 εολαβόντες
396 2409 452 2477 καί
478 2407 546 2497 τήν.
569 2410 696 2496 ἐσθῆτα
722 2407 1064 2498 περικαταρρήξαντες
1086 2410 1224 2490 έξαινον

169 2513 189 2576 6
207 2513 245 2584 τὸ
270 2520 365 2604 σῶμα
388 2515 521 2603 μάστιξι
543 2514 635 2584 πάνυ
657 2523 804 2595 πολλαῖς.
851 2515 921 2585 ἐπεὶ
944 2514 982 2584 δέ
1004 2514 1127 2602 ταύτης
1148 2513 1225 2596 ἀλις

208 2619 274 2708 εἶχε
309 2626 369 2710 τής
404 2628 580 2711 τιμωρίας,
620 2621 888 2707 προσελάσαντες
929 2619 992 2690 δύο
1029 2625 1225 2710 συνωρίδας

207 2730 247 2814 τῇ
275 2726 337 2814 μέν
366 2728 461 2819 ἑτέρᾳ
487 2728 688 2818 προσήρτων
715 2727 795 2808 τοὺς
821 2733 1004 2818 βραχίονας
1030 2727 1153 2815 αὐτού,
1182 2732 1224 2818 τῇ

209 2831 241 2900 δ’
267 2835 363 2925 ἑτέρα
389 2831 469 2914 τοὺς
496 2833 604 2914 πόδας
630 2835 772 2922 ῥυτῆρσι
799 2836 1044 2922 κατεχομένους
1070 2847 1223 2922 μακροῖς·

169 2961 195 3004 ει
209 2940 426 3010 ἐλαυνόντων
454 2939 493 3011 δὲ
518 2944 587 3010 τῶν
610 2937 760 3028 ἡνιόχων
788 2938 846 3021 τάς
869 2945 1061 3029 συνωρίδας
1083 2938 1139 3008 ἀπ’
1166 2939 1223 3010 ἀλ-

209 3047 321 3135 λήλων
350 3046 550 3136 ξαινόμενός
580 3074 616 3116 τε
647 3049 723 3135 περὶ
749 3051 789 3136 τῇ
818 3051 861 3137 γῇ
888 3049 944 3117 καὶ
971 3046 1224 3135 ἀνθελκόμενος

282 3207 436 3264 1τουτανλ
454 3207 581 3265 φθερεῖ
598 3208 651 3262 1.1.
725 3203 858 3264 ῖύπδΑ
929 3209 1084 3264 θδνεῖνΒ
1102 3209 1224 3264 δυοῖτΒ
1310 3183 1311 3208 ᾖ

209 3284 225 3332 5
246 3274 310 3334 έκεῖ
322 3298 358 3336 πε
381 3278 469 3350 φθείς
486 3279 509 3334 Β
570 3283 604 3333 15
623 3273 783 3352 <ἀφυ>κτω
801 3279 824 3334 Β
842 3273 998 3351 ἀφυλάκτῳ
1016 3279 1042 3334 R
1100 3285 1133 3334 19
1151 3274 1225 3334 Τύλ-

209 3354 258 3406 λου
278 3349 333 3408 del.
384 3351 499 3422 'ensling
519 3353 523 3419 Ι
544 3344 729 3422 συλλαβόντες
751 3350 802 3404 καλ
824 3366 879 3406 om.
897 3352 922 3405 A
999 3355 1033 3406 23
1056 3345 1140 3418 ἑτέρα
1158 3349 1222 3406 ίοή.

210 3421 360 3546 ἀεξιχδοιέ
379 3425 421 3479 est
496 3427 532 3476 24
550 3418 758 3492 κατεχομένους
776 3420 799 3476 Β
823 3437 877 3478 om.
896 3423 921 3477 R
998 3427 1033 3476 26
1051 3403 1131 3494 περὶ]
1153 3417 1224 3492 πρὸς

210 3507 232 3545 ο.
293 3510 332 3562 ug
