2698 3982
196 202 240 267 46
622 203 786 256 -A-

84 405 87 408 -
197 363 290 450 φίων
327 365 519 449 Τυρρηνίδα
550 360 650 428 ιιόλιν
688 358 775 428 εἰναι
810 357 988 446 ὑπέλαβον.
1035 358 1209 451 ὀνομάτων

197 469 259 557 μὲν
292 460 354 536 οῦν
387 467 594 554 ἐναλλαγῆν,
626 467 695 535 ἐπεὶ
727 467 782 534 καί
812 472 918 552 βίων,
949 473 1110 555 πείθομαι
1141 484 1210 548 τοῖς

197 581 313 644 ἔθνεσι
343 576 520 660 γενέσθαι·
553 577 671 642 κοινοῦ
700 573 736 642 δὲ
767 571 867 660 ῦμφω
898 575 1129 662 μετειληφέναι
1157 577 1208 661 γε’-

197 709 278 761 νους
302 678 342 749 οῦ
366 686 538 768 πείθομαι,
561 687 697 760 πολλοῖς
718 705 753 746 τε
774 677 888 759 ἄλλοις
901 681 956 747 καὶ
980 679 1121 768 μάλιστα
1138 694 1209 760 ταῖς
1227 697 1262 746 77

171 801 328 876 σφωναῖς
350 784 463 854 αὐτῶν
486 787 744 873 διηλλαγμέναις
765 787 820 854 καὶ
844 784 1005 873 οὐδεμίαν
1028 785 1206 874 ὁμοιότητα

157 891 381 977 3σωζοῦσαις
407 891 673 980 τεκμαιρόμενος.
720 893 790 961 ’καί
818 891 881 981 γὸιρ
906 893 943 961 δῦ
973 892 1049 964 οῦτε
1072 901 1207 983 Κροτω-

197 1002 323 1087 νιῆται’
344 997 388 1078 ῦς
406 1019 511 1086 φησιν
528 997 711 1087 Ἡρόδοτος
730 997 924 1086 “οῦδαμοῖσι
942 1004 1011 1068 τῶν
1024 1005 1089 1070 νῦν
1104 1021 1208 1087 σφεας

197 1105 454 1195 περιοικεόντων
500 1106 587 1173 εἰσὶν
628 1104 840 1193 ὁμόγλωσσοι
886 1105 963 1175 οῦτε
1003 1111 1206 1194 Πλακιηνοί,

162 1283 164 1286 ,
198 1218 294 1299 σφίσι
318 1209 349 1278 δ’
375 1209 595 1299 ὁμόγλωσσοι.
637 1215 777 1299 δηλοῦσι
801 1212 839 1281 δὲ
861 1211 924 1299 ὅτι,
946 1213 1007 1282 τὸν
1029 1210 1205 1300 ἠνείκαντο

159 1341 185 1380 ιο
198 1317 349 1405 γλεὸσσης
371 1321 561 1407 χαρακτῆρα
584 1324 840 1405 μεταβαίνοντες
859 1322 892 1400 ἐς
905 1323 1008 1388 ταῦτα
1030 1318 1071 1387 τὰ
1093 1324 1210 1407 χωρία,

196 1429 317 1494 τοῦτον
351 1430 485 1512 ἔχουσιν
518 1426 555 1492 ἐν
587 1427 745 1514 φυλακῆ’.
787 1431 895 1493 καίτοι
922 1425 1129 1514 θαυμάσειεν
1166 1422 1209 1492 ῦν

196 1559 261 1617 τις,
294 1535 325 1598 εἰ
348 1539 553 1610 Πλακιανοῖς
580 1530 642 1617 μὲν
674 1543 745 1610 τοῖς
776 1532 849 1616 περὶ
877 1529 937 1599 τὸν
960 1529 1209 1618 Ἑλλήσποντον

198 1640 351 1706 οἰκοῦσιν
392 1635 515 1724 ὁμοίαν
556 1636 731 1704 διάλεκτον
767 1635 859 1724 εἰχον
895 1641 931 1706 οί
963 1641 1209 1725 Κροτωνιᾶται,

198 1742 310 1831 ἐπειδὴ
343 1744 513 1830 Πελασγοὶ
543 1735 631 1830 ῆσαν
665 1740 847 1833 ἀμφότεροι
879 1740 1048 1831 ἀρχῆθεν,
1080 1751 1208 1832 Τυρρη-

158 1871 184 1912 ω
198 1864 272 1930 νοῖς
295 1849 332 1918 δὸ
352 1865 423 1931 τοῖς
446 1856 580 1938 ἔγγιστα
599 1854 729 1919 οἰκοῦσι
743 1848 849 1937 μηδὲν
873 1847 1003 1936 ὁμοίαν.
1036 1854 1067 1918 εἰ
1088 1847 1152 1938 γὰρ
1172 1847 1209 1916 τὸ

199 1955 357 2043 συγγενὲς
379 1960 437 2044 τῆς
461 1954 656 2044 ὁμοφωνίας
683 1965 792 2026 αἰτιον
814 1954 1039 2042 ὑποληπτέον,
1062 1954 1209 2042 θάτερον
1332 1986 1333 2042 η

159 2062 242 2150 4δῆ
264 2088 332 2132 του
358 2066 417 2148 τῆς
444 2067 649 2148 διαφωνίας·
678 2059 719 2129 οῦ
742 2059 805 2149 γὰρ
829 2061 870 2148 δῆ
898 2061 981 2130 κατά
1003 2087 1041 2148 γε
1062 2061 1100 2130 τὸ
1125 2057 1207 2129 αῦτὸ
1230 2087 1267 2138 73

201 2171 340 2258 ἐγχωρεῖ
360 2175 507 2256 νομίζειν
530 2166 730 2256 τάμφότερα.
752 2168 807 2236 καλ
830 2167 894 2256 γὰρ
909 2169 951 2254 δῆ
965 2166 1004 2236 τὸ
1018 2167 1080 2254 μὲν
1095 2169 1210 2254 ἕτερον
1332 2163 1333 2166 “

198 2277 254 2344 καὶ
277 2275 382 2361 λόγον
404 2273 469 2343 τιν’
492 2270 535 2342 ἂν
559 2272 625 2360 είχε
648 2273 907 2361 γενόμενον,τὸ
933 2273 975 2360 δῆ
993 2273 1072 2354 τοῦς
1094 2273 1209 2361 πρόσω

160 2381 257 2461 ωτδις
290 2381 434 2466 οἰκήσεις
466 2377 525 2448 ἆτ’
562 2377 716 2468 ἀλλήλων
752 2381 998 2469 ποιησαμένους
1034 2377 1211 2467 ὁμοεθνεῖς

199 2489 314 2576 μηκέτι
338 2487 512 2569 διασώζειν
535 2487 596 2556 τὸν
620 2485 723 2555 αὐτὸν
742 2489 800 2574 τῆς
823 2489 998 2556 διαλέκτου
1020 2489 1211 2575 χαρακτῆρα

200 2592 257 2662 διὸι
278 2594 338 2674 τὰς
359 2592 442 2681 πρὸς
465 2591 544 2673 τοῦς
566 2593 668 2673 τίλας
693 2590 839 2680 ὁμιλίας·
861 2592 899 2661 τὸ
923 2592 961 2660 δὲ
983 2591 1063 2673 τοὺς
1085 2595 1122 2662 ἐν
1139 2605 1211 2671 τοῖς

198 2697 313 2780 αῦτοῖς
341 2703 516 2779 οἰκοῦντας
542 2705 681 2788 χωρίοις
703 2697 781 2786 μηδ’
808 2697 924 2769 ὁτιοῦν
951 2698 1033 2768 κατὰ
1055 2698 1117 2787 τῆν
1140 2725 1211 2785 φω-

198 2805 264 2892 νῆν
297 2801 452 2892 αἰλλῆλοις
489 2802 667 2892 ὁμολογεῖν
700 2808 735 2873 ἐκ
770 2803 894 2874 ταῦτοῦ
930 2805 1059 2892 φύντας
1089 2808 1212 2892 γε’νους

158 2941 185 2982 ω
200 2909 324 2981 οῦδίνα
347 2910 451 2996 λόγον
474 2916 548 2998 ἔχει.

271 3047 632 3139 θίκαλλαγῆνΒῙβίονΑ
688 3047 804 3122 θηγαρ
819 3053 871 3106 ΑΒ
884 3048 979 3107 καί
947 3072 1001 3122 γαρ
1015 3053 1117 3108 Herod
1128 3053 1208 3120 Ιόῖλ

199 3119 460 3210 κροτωνιοίταιςΑ
477 3126 659 3211 κροτανίταις
683 3125 706 3178 Β
738 3124 951 3205 Κρηστωνιῆται
975 3124 1170 3179 Herodotusl.
1190 3123 1211 3178 1.

236 3202 340 3264 ῖφησι
358 3195 381 3248 Β
400 3196 406 3265 Ι
426 3188 491 3250 οὐδ’
511 3190 645 3258 αλλοιςΟ
679 3190 752 3250 οῦδα
752 3203 815 3265 μοῖς
836 3193 939 3249 Reiske
962 3211 1031 3250 corr.
1054 3193 1212 3250 Ambroseh

200 3267 457 3354 ΒηλακιηνοῖςΒ.
466 3270 634 3328 τλακιανοῖς
651 3266 677 3320 A
752 3216 872 3334 μθιγηοι
894 3265 946 3318 ΑΒ
971 3268 975 3334 Ι
999 3261 1134 3352 ῆνίιιαντο
1163 3265 1212 3318 Ba

199 3332 366 3422 ἠνέγκαντο
377 3337 423 3392 Bb
500 3344 533 3391 10
552 3333 660 3424 γλολσση
684 3337 755 3405 AB!
777 3335 817 3398 εςί
839 3335 892 3390 AB
970 3344 1002 3392 17
1026 3332 1211 3424 κατάχετοΑ
1332 3343 1333 3400 χ

237 3413 269 3462 18
291 3403 328 3461 τὰ
347 3401 497 3478 αμφότερα
515 3409 538 3462 Β
556 3429 590 3462 τα
611 3409 664 3462 del.
680 3406 769 3462 Cobet
787 3407 851 3462 Obs.
870 3425 934 3496 μ.
913 3413 947 3462 27
1021 3413 1054 3461 19
1073 3406 1134 3461 *αν
1154 3423 1210 3462 om.
1332 3405 1333 3492 χ

201 3471 261 3532 0“
243 3498 280 3532 αν
300 3497 363 3532 τινα
381 3479 483 3534 Reiske
555 3485 590 3534 24
608 3473 714 3532 ταῦτοῦ
733 3479 756 3532 Β
774 3478 823 3532 τοῦ
844 3479 934 3533 αυτοῦ
953 3479 979 3532 Β
1332 3523 1333 3526 ¹
