2660 3986
183 232 249 297 380
605 263 639 274 -
678 235 772 288 Γ-

183 392 223 462 τδι
246 392 330 482 πρὸς
354 390 582 474 Οὐιεντανοὺς
604 392 773 481 ἐχώρησεν
796 389 886 483 αὐτῷ
909 390 992 460 κατὰ
1015 395 1119 477 νοῦν,
1142 393 1196 461 ἐπὶ

182 499 262 581 τοὺς
290 502 327 570 ἐν
359 500 491 590 Φιδήνη
523 505 705 588 πολεμίους
731 499 838 586 ἐξάγει
865 498 927 586 τὴν
956 496 1114 586 στρατιὰν
1146 501 1196 566 ἐκ·

182 614 299 694 βαλεῖν
322 635 357 677 τε
380 608 588 695 βουλόμενος
609 606 672 694 τὴν
695 609 732 676 ἐν
751 604 836 695 αὐτῇ
859 602 1017 695 φρουρὰν
1039 605 1197 686 καὶτοὺς
1318 654 1320 663 1

183 714 397 803 παραδόντας
426 729 497 794 τοῖς
528 721 716 802 Τυρρηνοῖς
746 712 787 782 τά
818 718 910 801 τείχη
938 711 1197 801 τιμωρήσασθαι

157 821 475 909 οπροθυμούμενος.
521 823 652 908 ἐγένετο
676 821 737 909 μὲν
761 812 825 890 οὖν
847 821 904 888 καὶ
927 822 963 888 ἐκ
984 819 1198 908 παρατάξεως
1319 848 1322 861 ·

182 928 271 1017 μάχη
298 943 370 1008 τοῖς
387 925 563 1016 Ῥωμαίοις
591 925 677 1016 πρὸς
702 925 781 1008 τοὺς
808 929 844 995 ἐκ
870 929 929 1013 τῆς
954 926 1084 1007 πόλεως
1110 928 1197 1009 ἐξελ-

183 1035 312 1116 θόντας
346 1035 403 1103 καὶ
444 1037 482 1103 ἐν
522 1047 595 1115 ταῖς
634 1040 860 1123 τειχομαχίαις
899 1032 993 1120 ἀγών
1028 1035 1197 1124 καρτερός.

147 1142 271 1211 4ἕάλω
295 1139 327 1209 δ’
347 1133 410 1210 οὖν
434 1139 455 1229 ἡ
478 1141 575 1222 πόλις
592 1140 676 1210 κατὰ
693 1141 824 1230 κρότος,
841 1143 897 1210 καὶ
917 1145 953 1210 οί
968 1141 1031 1229 μὲν
1050 1143 1197 1230 φρουροὶ
1306 1173 1310 1182 ·

184 1250 341 1328 δεθέντες
363 1246 432 1336 ἅμα
454 1261 525 1328 τοῖς
542 1246 658 1328 ἄλλοις
679 1253 748 1317 τών
772 1253 957 1336 Τυρρηνῶν
974 1249 1199 1337 αἰχμαλώτοις

144 1381 170 1421 ιο
183 1347 270 1443 ἦσαν
300 1357 337 1424 ἐν
365 1360 522 1445 φυλακῇ,’
540 1359 738 1442 Φιδηναίων
767 1355 806 1423 δέ
836 1359 871 1424 οί
892 1359 1073 1436 δοκοῦντες
1094 1363 1198 1424 αἴτιοι

182 1462 359 1548 γενονέναι
385 1465 445 1550 τῆς
466 1460 681 1543 ἀποστάσεως
709 1465 744 1530 οί
769 1461 831 1549 μὲν
858 1459 924 1530 ὑπὸ
952 1467 1123 1549 μαστίγων
1147 1467 1198 1530 αί·

182 1571 357 1650 κισθέντες
384 1571 422 1638 ἐν
448 1573 494 1662 τώ
528 1573 665 1661 φανερῷ
692 1567 772 1650 τοὺς
799 1567 942 1656 αὐχένας
970 1565 1198 1656 ἀπεκόπησαν,

185 1677 219 1744 οί
246 1675 284 1744 δέ
316 1690 440 1762 φυγαῖς
473 1675 709 1764 ἐζημιώθησαν
741 1674 879 1757 ἀιδίοις·
914 1674 973 1756 τὰς
1008 1676 1048 1745 δὲ
1079 1672 1252 1757 οόσίαςῠοσ

184 1781 297 1852 αὐτόν
325 1785 481 1870 διέλαχον
510 1787 547 1851 οί
569 1782 850 1870 καταλειφθέντες
871 1779 1045 1870 Ῥωμαίων
1069 1787 1202 1851 ἔποικοί

144 1913 169 1954 15
183 1917 217 1960 τε
239 1890 296 1958 καὶ
318 1891 465 1978 φρουροὶ
487 1893 547 1976 τῆς
568 1889 706 1970 πόλεως.
1326 1959 1329 1965 Δ

272 1998 409 2066 LVIIII.
445 2001 623 2066 Τελευταία
651 1997 689 2066 δὲ
717 1997 804 2085 μα’χη
828 1995 1002 2086 Ῥωμαίων
1028 1997 1085 2064 καὶ
1111 2003 1199 2084 Τυρ·

183 2106 298 2190 ρηνών
322 2104 454 2190 ἐγένετο
481 2102 610 2184 πόλεως
629 2101 775 2190 Ἠρήτου
797 2109 940 2191 πλησίον
968 2105 1005 2172 ἐν
1028 2108 1068 2193 τῇ
1091 2107 1199 2189 Σαβί·
1319 2103 1325 2111 ’

183 2237 254 2279 νων
281 2213 334 2299 γῇ.
385 2207 430 2278 δι’
457 2211 585 2297 ἐκείνης
615 2208 680 2298 γὰρ
712 2210 913 2297 ἐποιήσαντο
944 2209 1007 2298 τὴν
1034 2211 1088 2279 ἐπὶ
1116 2209 1200 2291 τοὺς

179 2313 364 2405 Ῥωμαίους
391 2321 507 2386 ἔλασιν
527 2316 574 2386 ὀί
603 2319 774 2405 Τυρρηνοὶ
804 2321 1001 2398 πεισθέντες
1031 2314 1096 2386 ὑπὸ
1128 2321 1199 2386 τών

143 2445 170 2486 εο
185 2426 254 2492 ἐκεῖ
281 2426 453 2509 δυνατόν,
481 2420 526 2503 ὡς
552 2423 894 2512 συστρατευσομένων
916 2427 1012 2511 σφίσι
1035 2427 1103 2492 τῶν
1126 2431 1197 2492 Σα·

183 2534 300 2616 βίνων.
364 2531 379 2597 ί
400 2528 463 2616 γὰρ
488 2529 628 2611 ἑξαετεῖς
651 2528 766 2610 αὐτοῖς
785 2531 861 2618 περὶ
883 2534 942 2617 τῆς
960 2529 1095 2618 εἰρήνης
1112 2529 1198 2619 πρὸς

187 2557 378 2725 Ταρκόνιὸι
411 2633 532 2723 ἀνοχαὶ
564 2635 812 2722 διεληλύθεσαν
848 2634 932 2723 ἤδη,
966 2639 1024 2705 καὶ
1058 2645 1198 2717 πολλοῖς

184 2746 252 2812 τῶν
279 2746 442 2827 Σαβίνων
472 2742 584 2822 πόθος
614 2734 660 2828 ἦν
691 2742 1000 2830 ἐπανορθώσασθαι
1026 2741 1086 2823 τὰς
1116 2768 1198 2832 προ-

183 2851 280 2937 τέρας
313 2847 413 2936 ἥττας
444 2850 731 2937 ἐπιτεθραμμένης
764 2851 800 2918 ἐν
831 2863 905 2930 ταῖς
935 2849 1053 2918 πόλεσι
1083 2850 1198 2937 νεότη·

137 2925 169 2990 ’2
184 2983 241 3036 τος
264 2959 389 3044 ἱκανῆς.
431 2955 473 3025 οὐ
496 2954 564 3043 μὴν
587 2955 737 3044 ἐχώρησέ
756 2983 795 3043 γε
818 2954 932 3037 αὐτοῖς
954 2954 1092 3046 ἡπεῖρα
1114 2955 1198 3025 κατὰ

144 3013 169 3054 25

257 3158 271 3206 1
294 3146 486 3214 Οόιεντανοός
504 3171 534 3207 τε
554 3151 603 3206 καὶ
620 3148 819 3221 Καιρητανοὺς
837 3168 861 3207 ο.
884 3151 1023 3206 Bficheler
1103 3159 1120 3207 6
1138 3159 1198 3215 τοῖς

183 3222 273 3278 Bom.
283 3223 309 3277 R
325 3225 329 3291 Ι
347 3220 379 3278 ἐκ
392 3223 443 3292 τῆς
456 3219 564 3286 πόλεως
577 3225 643 3292 post
661 3218 833 3294 ἐξελθόντας
848 3222 870 3278 O
883 3225 997 3309 μετενόει·
1010 3221 1033 3276 Β
1089 3229 1124 3278 14
1138 3223 1197 3278 διέ-

183 3297 269 3363 λαχον
293 3294 316 3348 Β
344 3292 446 3388 ἔλαχον
467 3293 494 3346 Δ
579 3300 613 3349 16
637 3292 669 3349 δὲ
693 3292 833 3365 Kiessling
859 3296 895 3362 δη
918 3295 942 3348 Β
964 3284 994 3347 δ’
1014 3289 1032 3362 ἡ
1055 3295 1100 3362 ΕΙ
1120 3291 1197 3364 μάχη

73 3415 79 3428 ,
184 3362 317 3435 ᾆωμαίων
336 3365 358 3419 Β
381 3389 406 3436 ρ.
426 3360 501 3436 μάχη
520 3366 546 3420 R
622 3370 656 3420 1⁷
674 3363 849 3438 <ί>ρ<ί>του
868 3367 891 3419 Β
967 3370 1003 3420 20
1024 3365 1155 3421 δυνατῶν
1175 3367 1198 3420 Β

184 3436 331 3506 δυσμενῶν
353 3435 379 3489 R
398 3439 403 3506 Ι
424 3431 462 3498 ὡς
479 3453 533 3492 om.
556 3436 580 3489 B
600 3437 606 3501 Ι
625 3435 891 3505 συστρατευομένων
914 3434 967 3490 ΑΒ
1047 3441 1082 3490 22
1106 3434 1197 3492 διελό-

184 3508 279 3574 θηταν
299 3523 321 3561 ο.
342 3507 464 3576 Sylburg
483 3505 691 3575 ἐξεληλύθεσαν
711 3506 800 3562 Cobet
819 3506 883 3562 Obs.
903 3525 930 3576 p.
948 3513 982 3562 72
