2670 3984
607 254 774 308 -Α-

180 409 308 481 ἅλωσιν
337 409 403 482 ὑπὸ
434 410 497 500 τήν
527 410 761 502 μετοπωρινήν
793 417 970 500 ἰσημερίαν
993 410 1136 502 ἄραντες
1164 416 1200 481 οί

184 522 295 606 Τρῶες
317 520 354 587 ἐκ
375 521 434 605 τῆς
456 523 518 605 γῆς
543 522 762 609 περαιοῦνται
784 516 846 588 τὸν
865 516 1114 606 Ἑλλήσποντον
1141 519 1196 587 καί

180 628 402 713 καταχθέντες
431 631 479 706 εἰς
507 623 570 713 τὴν
593 624 730 716 Θρᾴκην
760 624 866 694 αὐτοῦ
896 629 1108 714 διατρίβουσι
1134 624 1196 712 τήν

180 730 374 821 χειμερινήν
407 730 500 819 ώραυ
534 732 713 820 δεχόμενοί
734 759 770 802 τε
796 731 876 812 τοὺς
903 731 1140 812 ἐπισυνιόντας
1162 735 1197 801 ἐκ

154 842 239 925 ῡτης
257 842 368 926 φυγῆς
385 840 442 908 καί
460 837 789 926 παρασκευαζόμενοι
806 837 847 908 τά
867 843 914 918 εἰς
931 836 992 907 τὸν
1012 836 1197 907 ἀπόπλουν.

180 946 217 1012 ἐκ
236 944 275 1014 δὲ
291 949 351 1032 τής
364 945 498 1037 Θρᾴκης
519 943 724 1026 ἀναστάντες
738 951 836 1033 ἔαρος
854 943 1045 1034 ἀρχομένου
1062 949 1197 1014 τελοῦσι

109 1100 113 1106 -
180 1049 241 1120 τὸν
268 1049 391 1140 μεταξὺ
416 1055 526 1120 ιώιοῦν
554 1050 632 1140 ἄχρι
655 1057 830 1134 Σικελίας·
862 1055 932 1121 ἐκεί
957 1050 995 1120 δὲ
1018 1047 1198 1140 ὁρμισαμέ-

180 1185 255 1238 νοις
284 1155 398 1238 αίποίς
419 1155 457 1227 τὸ
489 1163 562 1238 ἔτος
589 1163 690 1228 τοῦτο
719 1163 872 1250 τελευτᾷ,
899 1159 955 1227 καί
986 1161 1198 1245 διατρίβουσι

180 1262 241 1332 τὸν
270 1263 430 1352 δεύτερον
456 1269 604 1353 χειμώνα
630 1263 689 1346 τάς
715 1265 829 1346 πόλεις
857 1270 1103 1347 συνοικίζοντες
1127 1278 1199 1345 τοῖς

140 1337 333 1464 ᾗἘλόμοις
359 1371 398 1440 ἐν
420 1377 568 1462 Σικελία.
603 1377 756 1460 πλοΐμων
781 1371 819 1440 δὲ
841 1373 1034 1459 γενομένων
1057 1370 1199 1460 άραυτες

180 1475 245 1546 άπὸ
272 1482 331 1564 τῆς
362 1477 472 1566 νήσου
502 1482 629 1568 περῶσι
656 1476 694 1547 τὸ
727 1476 940 1568 Τυρρηνικὸν
967 1480 1111 1565 πέλαγος
1141 1479 1199 1546 καί

179 1589 396 1665 τελευτῶντες
423 1589 470 1665 εἰς
494 1584 675 1674 Λωρεντὸν
705 1583 930 1674 ἀφικνοῦνται
952 1583 1014 1654 τόν
1035 1585 1199 1673 ’Λβοριγί-

180 1717 253 1760 νων
276 1689 431 1779 αἰγιαλόν
454 1691 621 1780 μεσούσης
643 1697 788 1782 θερείας.
825 1691 990 1779 λαβόντες
1012 1691 1050 1760 δὲ
1071 1689 1109 1760 τὸ
1133 1718 1196 1778 χω·
1287 1677 1291 1684 ’

181 1803 258 1884 ρίου
282 1803 464 1881 οἰκίζουσιν
488 1801 526 1868 ἐν
549 1797 639 1891 αὐτῷ
655 1805 844 1868 Λαουίνιον
866 1796 928 1868 τὸν
948 1797 1108 1887 δεύτερον
1127 1795 1192 1866 ἀπὸ
1202 1819 1254 1868 161

141 1930 167 1975 ιι
180 1909 239 1993 τής
261 1902 417 1987 ἁλώσεως
444 1905 718 1994 ἐκπληρώσαντες
745 1904 913 1974 ἐνιαυτόν.
958 1905 1113 1994 καὶπερὶ
1136 1903 1199 1992 μὲν

181 2012 311 2082 τούτων
335 2011 380 2094 ώς
403 2018 466 2101 ἔχω
492 2013 592 2100 δόξης
616 2012 805 2100 δεδήλωταί
824 2040 891 2101 μοι.

270 2139 406 2208 ΙιΧΠΠ.
443 2143 582 2218 Αἰνείας
610 2137 648 2206 δὲ
675 2137 923 2217 κατασκευάσας
951 2139 1055 2225 ἰεροίς
1081 2162 1116 2204 τε
1143 2136 1199 2204 καί

181 2259 253 2324 τοῖς
279 2243 394 2324 ἀλλοις
421 2244 561 2332 κόσμοις
587 2242 811 2332 ἀποχρώντως
837 2241 901 2331 τήν
927 2241 1048 2330 πόλιν,
1081 2233 1130 2310 ών
1159 2240 1200 2311 τά

182 2358 320 2418 πλείστα
352 2355 400 2416 ἔτι
428 2351 487 2418 καί
519 2354 567 2430 εἰς
598 2349 656 2438 ἐμὲ
686 2341 746 2437 ήν,
773 2353 818 2443 τῷ
848 2349 910 2437 μὲν
939 2351 1014 2436 ἑξῆς
1045 2351 1200 2441 ἐνιαυτῷ,

115 2461 284 2546 ,εοτρίτμ
309 2454 346 2522 δὲ
369 2452 435 2523 ἀπὸ
456 2461 515 2544 τῆς
538 2454 669 2542 ἐξόδου,
697 2455 822 2546 Τρώων
846 2459 1041 2542 ἐβασίλευσε
1063 2455 1199 2544 μόνων·

181 2565 228 2652 τῷ
253 2559 291 2628 δὲ
317 2559 462 2653 τετάρτῳ
489 2562 749 2650 τελευτήσαντος
772 2566 923 2630 Λατίνου
949 2563 1006 2630 καὶ
1032 2560 1095 2649 τὴν
1118 2565 1200 2630 ἐκεί-

181 2693 248 2736 νου
270 2673 445 2754 βασιλείαν
466 2668 722 2757 παραλαμβάνει
745 2671 804 2755 τής
817 2695 852 2736 τε
866 2671 1003 2755 κηδείας
1021 2667 1200 2756 οἰκειότητι

182 2778 241 2860 τῆς
272 2772 356 2862 πρὸς
392 2772 496 2844 αὐτὸν
533 2775 715 2864 ἐπικλήρου
746 2779 806 2862 τής
843 2773 980 2855 Λαόυας
1015 2776 1201 2861 γενομένης

184 2877 265 2967 μετά
287 2878 348 2949 τὸν
370 2886 521 2949 Λατίνου
548 2881 703 2951 θάνατον
726 2882 782 2950 καί
805 2885 866 2950 τοὺ
893 2879 977 2968 πρὸς
998 2880 1077 2960 τοὺς
1100 2878 1200 2948 ἀστυ·

138 2967 336 3095 ἔγείτουας
361 2989 511 3075 πολέμου
539 2991 598 3076 τῆς
629 2993 828 3078 στρατηγίας
858 2989 963 3056 ἕνεκα.
1008 2985 1200 3074 ἀπέστησαν

183 3094 248 3184 γάρ
276 3087 378 3176 αὖθις
405 3093 469 3164 ἀπὸ
498 3100 559 3164 τοῦ
588 3101 739 3165 Λατίνου
760 3092 910 3164 Ῥότολοι
937 3093 1098 3182 λαβόντες
1124 3091 1200 3180 '‘27⁶-

184 3201 273 3290 μόνα
308 3206 378 3271 τών
415 3199 613 3290 αὐτομόλων
649 3200 727 3273 τινά
759 3205 818 3289 τῆς
851 3205 1002 3270 Λατίνου
1038 3199 1201 3287 γυναικὸς

259 3444 350 3504 lim&
370 3451 393 3505 Β
412 3469 465 3507 om.
485 3451 511 3505 A
585 3456 619 3505 14
637 3451 811 3507 λανίνισνΒ
884 3455 918 3506 20
936 3444 1026 3518 μόνον
1045 3449 1122 3503 ABa
1149 3444 1202 3520 μό·

184 3540 243 3576 νων
261 3521 308 3575 Bb
384 3528 418 3576 23
437 3521 624 3584 λαονινίαςΒ
