2660 3986
186 228 250 291 318
608 257 643 266 -
682 230 707 280 Γ
741 255 774 266 -·

183 413 238 467 τες
265 384 467 472 ἀπόστασιν,
499 387 536 455 έν
569 376 597 478 ςὺ
623 387 786 464 κίνδυνος
814 378 857 472 ἦν
884 382 963 454 καθ’
993 384 1150 475 ἑκάτερον
1179 381 1202 472 ἦ

184 491 439 581 ἀπαρασκεύους
478 494 693 579 ἐπειχθέντας
732 493 789 560 καὶ
828 496 869 581 τῇ
911 495 1017 583 οἰκεία
1056 492 1203 580 δυνάμει

184 599 272 689 μόνῃ
295 599 536 680 πιστεύσαντας
557 598 618 668 τὸν
641 597 725 686 ὑπὲρ
748 596 908 668 ἁπάντων
934 597 1119 689 ἀναρρῖψαι
1141 597 1202 668 κύ-

183 712 263 793 βον,
290 703 311 794 ἢ
340 707 694 796 παρασκευαζομένους
725 707 782 774 καὶ
814 711 975 794 βοηθείας
1003 709 1261 795 ἐγείραντας476

156 810 249 882 τὺπὸ
273 817 342 882 τῶν
365 815 403 882 έν
425 815 619 901 παρασκευῇ
649 810 759 880 ὄντων
782 817 1118 902 πρωιαταληφθῆναι,
1143 812 1202 882 ού-

185 922 323 1007 δετέρου
344 923 414 990 τῶν
438 923 591 1007 χαλεπῶν
617 917 748 988 τούτων
774 923 993 1010 πειραθέντες
1018 920 1056 991 τὸ
1081 923 1115 1004 ἐξ
1138 919 1203 1008 ἀμ-

183 1029 337 1116 φοτέραν
360 1027 526 1115 χρήσιμον
549 1027 676 1112 ἕξομεν.
717 1030 829 1095 ἔπειτα
846 1025 975 1114 πολλὴν
994 1029 1051 1096 καὶ
1074 1032 1203 1097 δυσπσ

182 1137 327 1221 λέμητον
355 1124 463 1202 οὖσαν
489 1128 551 1218 τὴν
578 1134 646 1200 τεόν
674 1128 868 1200 ἀντιπάλων
895 1131 993 1220 ἰσχὺν
1015 1134 1071 1201 καὶ
1092 1132 1202 1220 τύχην

183 1237 246 1308 οὑκ
278 1242 314 1310 ἐκ
344 1241 406 1308 τού
438 1243 553 1325 βιαίου
583 1237 712 1326 τρόπον
746 1239 978 1327 πειρασόμεθα
1008 1249 1203 1326 καθαιρεῖν,
1318 1251 1319 1284 ³

143 1371 170 1412 ιο
184 1343 257 1414 ἀλλ’
281 1341 331 1426 οἷς
353 1343 522 1414 ἁλίσκεται
540 1343 650 1416 πάντα
666 1345 747 1433 (τὰ)
764 1343 936 1434 ὑπέραυχα
958 1347 1014 1416 καὶ
1033 1344 1077 1435 μὴ
1097 1345 1203 1438 ῥᾴδια

180 1456 227 1545 τῷ
250 1458 351 1544 βιαίῳ
373 1455 641 1541 καθαιρεθῆναι,
664 1451 754 1544 δόλῳ
780 1453 837 1521 καλ
860 1451 984 1542 άπάτχ,
1010 1452 1087 1522 ούτε
1109 1457 1202 1542 πρά·

129 1559 234 1628 11τοι
256 1557 418 1646 άρξαντες
440 1556 552 1628 αὐτῶν
577 1557 654 1628 οὔτε
679 1558 789 1646 μόνοι.
828 1559 912 1649 πρὸς
930 1560 968 1630 δδ
985 1560 1117 1640 τούτοις
1135 1559 1202 1630 ούκ
1319 1645 1320 1648 ¹

182 1664 351 1757 ἀξιομάχῳ
380 1665 466 1755 ούσχ
494 1670 534 1756 τῇ
564 1671 670 1756 οἰκείᾳ
698 1665 840 1753 δυνάμει
866 1665 953 1755 πρὸς
976 1664 1109 1736 ἅπασαν
1133 1665 1199 1754 τὴν
1319 1657 1320 1742 ῗ

175 1769 349 1861 Ῥωμαίων
376 1799 412 1841 τε
439 1773 495 1842 καὶ
522 1775 591 1840 τῶν
620 1769 805 1858 συμμάχων
833 1771 932 1860 ίσχὺν
954 1771 1200 1861 ἀντιταχθῆναι
1319 1855 1320 1864 ¹

140 1906 166 1946 τε
179 1879 242 1967 τὴν
275 1884 472 1968 Φιδηναίων
499 1905 535 1948 τε
562 1879 618 1948 καὶ
647 1877 864 1948 Οὐιεντανῶν
891 1879 1059 1967 τοσαύτην
1089 1871 1198 1948 οὖσαν
1319 1877 1320 1882 ’

181 1984 266 2074 ὅσην
287 1984 385 2075 ὁρᾶτε
403 1984 677 2075 προσειλήφαμέν
695 2011 741 2072 τε,
759 1986 815 2054 καὶ
830 1982 875 2064 ὡς
893 1982 936 2055 ἀν
951 1986 1092 2074 μάλιστα
1110 1985 1198 2074 θάρ-
1320 2009 1321 2032 ¹

180 2111 240 2174 σος
261 2094 330 2163 τινὶ
353 2098 541 2182 συμμαχίας
563 2097 703 2180 βεβαίου
732 2090 769 2162 τὸ
792 2091 1008 2181 ἐπικουρικὸν
1029 2093 1196 2183 παράσχοι

129 2199 455 2288 12προσμενόμενον
484 2196 572 2267 οὑτω
599 2197 868 2286 παρεσκεύασταί
894 2226 961 2286 μοι.
1006 2197 1047 2268 ού
1069 2198 1134 2287 γὰρ
1157 2203 1201 2268 έν·
1318 2283 1319 2286 ¹

177 2311 217 2396 τῇ
245 2305 387 2397 ἡμετέρᾳ
415 2309 458 2395 γῇ
489 2307 672 2390 Φιδηναῖοι
698 2302 759 2374 τὸν
786 2302 903 2391 ἀγῶνα
929 2303 1108 2394 ἀράμενοι,
1135 2310 1197 2393 τῆς

139 2432 165 2472 2⁰
179 2413 217 2482 δὲ
249 2411 362 2482 αὑτῶν
400 2409 728 2500 προκινδυνεύοντες
758 2414 796 2480 ἐν
833 2415 879 2505 τῷ
914 2411 1003 2504 αὐτῷ
1038 2413 1095 2482 καὶ
1129 2409 1252 2500 τὴν477
1320 2417 1321 2440 ³

177 2517 340 2607 ἡμετέραν
355 2517 575 2606 φυλάξουσιν.
613 2515 689 2587 ὃδὲ
706 2517 842 2589 πάντων
861 2521 923 2607 μέν
943 2521 1033 2588 ἐστιν
1052 2517 1194 2606 ἥδιστον
1216 2538 1221 2544 ·

177 2621 388 2712 ἀνθρώποις,
421 2628 571 2704 σπανίως
605 2626 645 2694 δέ
677 2643 766 2694 τισιν
799 2626 834 2694 ἐκ
871 2629 933 2694 τοῦ
963 2625 1196 2713 παρελθόντος

177 2733 301 2810 αἰῶνος
316 2731 491 2817 ἐξεγένετο,
504 2731 560 2798 καὶ
574 2727 674 2798 τοῦθ’
690 2727 771 2817 ὑμῖν
785 2727 938 2821 ὑπάρξει·
957 2725 1040 2821 <εὑ>
1051 2731 1195 2820 πάσχον-

176 2863 230 2918 τες
251 2833 317 2906 ὑπὸ
340 2840 408 2906 τῶν
433 2834 618 2923 συμμάχου
641 2827 680 2904 εύ
701 2839 787 2924 δρᾶν
811 2838 961 2919 ἐκείνους
979 2837 1075 2908 αὐτοὶ
1099 2839 1195 2922 δόξο-

248 3075 264 3124 2
284 3064 465 3139 ἀπαχθέντας
483 3068 529 3124 Ba
605 3073 622 3122 3
646 3063 848 3132 πιστεύσαντες
870 3069 917 3124 Ba
991 3065 1194 3141 λάχείροντας

177 3157 200 3197 ο.
221 3141 355 3212 Sylburg,
383 3135 553 3210 ἀγείραντας
577 3137 666 3194 Cobet
690 3138 756 3194 Obs.
784 3158 812 3210 p.
837 3147 871 3196 66
948 3147 964 3196 8
987 3142 1045 3197 τῶν
1068 3160 1122 3199 om.
1145 3145 1195 3199 Aa

177 3218 211 3268 10
229 3207 265 3268 τά
289 3213 354 3268 add.
377 3211 482 3267 Reiske
560 3214 594 3264 18
618 3204 708 3272 οὑτως
725 3211 757 3280 Β,
780 3211 865 3266 τοῦτο
889 3228 912 3266 ο.
931 3213 1032 3269 Portus
1105 3221 1137 3270 19
1157 3216 1193 3287 χῇ

176 3299 230 3338 om.
254 3283 301 3339 Βε.
381 3289 416 3339 20
443 3277 539 3338 αότύν
561 3280 584 3334 Β
665 3287 700 3336 21
728 3275 869 3351 ὑμετέραν
891 3282 916 3337 Α
1002 3291 1036 3340 22
1064 3287 1196 3350 σπανίοις

176 3372 199 3409 c.
219 3355 362 3426 Kiessling
442 3361 476 3410 23
504 3350 619 3439 ἀγῶνος
638 3351 688 3438 ξε
708 3355 712 3417 Ι
732 3347 801 3422 ἡμῖν
821 3355 847 3408 Α
874 3348 987 3428 ὑμ<ῑ>ν
1005 3357 1028 3410 Β
1048 3358 1053 3426 Ι
1074 3347 1108 3412 εὑ
1127 3357 1194 3415 αδδ.

176 3424 266 3482 Cobet
285 3427 351 3482 Obs.
399 3434 459 3482 .66
541 3429 576 3477 24
604 3423 676 3494 νπο]
704 3419 778 3494 ὑπὲρ
800 3417 893 3494 ΒΙεὺ
917 3427 989 3497 δρᾶν
1012 3428 1036 3482 Β
1063 3444 1117 3486 om.
1141 3429 1193 3502 ΒΙ

177 3493 347 3560 έκείνονςΒ
383 3500 488 3576 κείνοις
505 3498 531 3551 R
1188 3511 1192 3520 “
