2682 3982
556 235 720 286 -Γ..

71 391 251 480 εόθόλίγον
270 389 500 475 ἀναδέξασθαι
523 390 650 481 χρόνον
668 388 731 478 την
754 388 933 478 ἀπόκρισιν
955 389 1063 479 ἡμῶν,
1082 393 1144 472 ἕως

128 507 175 594 τῷ
198 501 298 588 πατρὶ
322 502 564 588 διαλεχθῶμεν.
606 498 846 578 ἐπαινέσαντος
865 497 902 566 δὲ
929 502 989 568 τοῦ
1012 497 1143 567 Τύλλον
1162 500 1184 564 2

127 606 191 694 τὴν
222 605 396 695 εὐσέβειαν
429 604 540 674 αύτών
571 605 628 672 καὶ
662 603 882 684 κελεύσαντος
914 601 1002 674 ούτω
1033 617 1143 674 ποιεῖν

128 713 279 804 ἀπῄεσαν
308 710 353 794 ὡς
380 711 441 782 τὸν
471 713 604 799 πατέρα.
655 710 867 798 δηλώσαντες
898 710 937 780 δὲ
966 709 1056 803 αὐτῷ
1086 708 1145 790 τὰς

128 820 328 908 προκλήσεις
345 822 407 889 τοῦ
424 822 636 906 Φουφεττίου
653 818 710 886 καὶ
730 813 790 898 οὓς
808 815 826 888 6
845 817 972 899 Τύλλος
987 819 1143 905 διελέχθη
1158 843 1171 885 ε

129 927 253 1015 λόγους
275 929 331 997 καὶ
353 930 546 997 τελευταίαν
573 923 634 1012 την
663 925 793 994 ἑαυτῶν
820 922 1000 1014 ἀπόκρισιν
1025 922 1144 1012 ἠξίουν

129 1038 236 1102 εἰπεῖν
263 1031 384 1121 ἥντινα
411 1031 551 1119 γνώμην
581 1027 682 1111 αὐτὸς
710 1035 786 1119 ἔχει.
836 1028 854 1100 δ
886 1031 924 1100 δὲ
950 1028 1179 1116 ύπολαβών,3

128 1137 215 1210 Ἀλλ’
246 1138 380 1227 εὐσεβὲς
410 1140 488 1226 μέν,
518 1142 599 1226 ἔφη,
628 1140 765 1224 πρᾶγμα
793 1150 932 1222 ποιεῖτε,
962 1126 988 1204 ὦ
1018 1138 1144 1221 παῖδες,

129 1249 176 1338 τῷ
206 1245 308 1331 πατρὶ
338 1248 457 1327 ζώντες
485 1244 541 1312 καὶ
571 1241 675 1312 οὐδέν
703 1241 787 1312 ἄνευ
813 1247 872 1330 τῆς
901 1243 981 1329 ἐμῆς
1010 1240 1145 1328 γνώμης

130 1351 427 1440 διαπραττόμενοι,
449 1348 566 1437 καιρὸς
589 1348 627 1418 δὲ
646 1349 703 1418 καὶ
725 1346 812 1436 ὑμᾶς
834 1347 958 1429 αύτούς
979 1346 1045 1436 ἤδη
1068 1348 1144 1436 περὶ
1159 1374 1185 1414 ιο

130 1454 227 1544 ύμών
250 1457 290 1526 τό
315 1484 353 1544 γε
374 1460 555 1544 τηλικαῦτα
583 1459 769 1544 φαίνεσθαι
796 1459 1019 1543 φρονοῦντας.
1063 1451 1145 1523 ὑπο-

130 1562 292 1648 λαβόντες
315 1555 378 1634 οὖν
400 1561 461 1633 τὸν
485 1561 567 1650 ἐμὸν
590 1566 668 1649 βίον
687 1559 753 1648 ἤδη
775 1563 870 1641 τέλος
888 1567 976 1649 ἔχειν
994 1559 1145 1648 φανερὸν

130 1667 292 1756 ποιήσατέ
315 1696 388 1759 μοι,
411 1676 447 1739 τί
467 1669 509 1756 δή
532 1665 606 1738 ποτ’
632 1664 676 1736 ἂν
704 1665 801 1736 αὐτοὶ
823 1671 1022 1757 προείλεσθε
1044 1667 1145 1754 πρότ-

129 1802 201 1844 τειν
229 1774 314 1846 ἄνευ
339 1781 401 1846 τοῦ
431 1773 556 1862 πατρὸς
582 1774 659 1860 περὶ
689 1775 757 1842 τών
790 1776 889 1842 ἰδίων
921 1773 1146 1861 βουλευσάμε-

130 1909 196 1950 νοι.
241 1879 456 1971 ἀποκρίνεται
482 1878 567 1969 πρὸς
594 1876 698 1948 αὐτὸν
726 1875 744 1948 6
769 1877 996 1968 πρεσβύτατος
1018 1878 1146 1948 τοιοίδε·

128 1985 322 2076 Ἐδεξύμεθ’
353 1987 415 2073 ἄν,
452 1979 478 2054 ώ
511 1985 631 2073 πύτερ,
666 1983 727 2055 τὸν
759 1983 843 2072 ὑπὲρ
876 1988 935 2072 τῆς
966 1981 1147 2072 ἡγεμονίας

132 2091 249 2182 ύγώνα
280 2095 336 2162 καὶ
366 2093 506 2180 πάσχειν
539 2089 764 2180 ὑπεμείναμεν
796 2089 816 2159 ό
842 2117 875 2160 τι
907 2087 951 2159 δν
979 2093 1062 2180 δοκῇ
1100 2095 1146 2184 τῷ

131 2204 312 2293 δαιμονίῳ·
335 2198 500 2270 τεθνάναι
517 2197 581 2288 γὰρ
601 2195 645 2268 ἂν
662 2203 874 2286 βουλοίμεθα
891 2200 1020 2286 μᾶλλον
1043 2193 1063 2285 ἢ
1089 2201 1147 2285 ζῆν

133 2304 267 2388 ἀνάξιοι
289 2306 468 2394 γενόμενοι
490 2309 554 2374 σοῦ
580 2305 695 2374 τεκαὶ
721 2307 790 2372 τών
813 2303 1002 2390 προγόνων.
1046 2303 1085 2374 τὸ
1109 2303 1148 2373 δὲ

82 2410 221 2500 εσεπρὸς
242 2411 322 2493 τούς
339 2408 502 2494 ἀνεψιούς
525 2409 684 2496 συγγενές
710 2406 771 2496 οὐχ
794 2406 889 2496 ἡμεῖς
911 2409 1067 2501 πρότεροι
1090 2409 1148 2478 λό-
1163 2433 1190 2472 ιο

132 2539 253 2606 σομευ,
276 2514 350 2586 ἄλλ’
377 2515 423 2597 ώς
444 2514 510 2586 ὑπὸ
533 2521 593 2603 τῆς
620 2515 722 2603 τύχης
745 2517 937 2585 διαλέλυται
961 2518 1148 2607 στέρξομεν.

132 2630 164 2694 εί
185 2623 250 2712 γὰρ
269 2628 451 2710 Κορατίοις
474 2627 611 2692 ἔλαττον
633 2627 783 2711 κρίνεται
800 2626 862 2692 τού
882 2626 988 2691 καλοῦ
1010 2621 1049 2692 τὸ
1068 2642 1149 2710 συγ·
1167 2626 1189 2691 5

133 2734 240 2819 γενές,
264 2727 344 2798 ούδδ
363 2726 526 2816 Ὁρατίοις
546 2727 744 2818 τιμιώτερον
772 2727 959 2816 φανήσεται
985 2727 1022 2798 τὸ
1051 2731 1150 2816 γένος

134 2841 193 2924 τῆς
224 2834 351 2923 ἀρετῆς.
403 2835 421 2904 6
456 2835 493 2904 δὲ
529 2833 635 2922 πατὴρ
677 2832 722 2914 ώς
754 2839 859 2922 ἔμαθε
894 2833 956 2921 τὴν
990 2834 1147 2903 διάνοιαν

136 2940 248 3012 αύτών
271 2939 450 3029 περιχαρὴς
476 2942 659 3028 γενόμενος
680 2942 741 3030 μιαί
766 2938 826 3020 τὰς
855 2953 967 3028 χεῖρας
989 2936 1147 3027 ἀνασχών
1161 2959 1187 3000 25

135 3055 183 3130 είς
212 3047 272 3118 τὸν
305 3047 454 3139 οὐρανὸν
485 3047 611 3129 πολλὰς
647 3053 711 3136 ἔφη
748 3047 884 3135 χάριτας
920 3047 1047 3116 εἰδέναι
1080 3059 1150 3125 τοῖς

1164 1851 1187 1915 4

1160 1937 1186 1979 15

208 3283 224 3334 θ
243 3275 436 3349 προκλήσεις
454 3280 477 3334 Β
493 3279 497 3350 Ι
513 3274 621 3341 τύλλιος
638 3279 664 3333 Α
742 3283 774 3332 12
798 3273 849 3333 τὸν
873 3271 943 3347 ἐμόν
967 3278 1030 3349 βίον
1052 3271 1109 3362 ἤδη
1126 3276 1150 3331 Β

135 3347 186 3406 τὸν
205 3346 275 3422 ἐμὸν
293 3345 350 3420 ἤδη
369 3353 394 3423 β.
408 3351 435 3405 R
507 3357 540 3406 16
560 3343 716 3419 έδεξόμεθ’
732 3340 805 3403 ύνΒ
821 3349 851 3404 et
863 3347 967 3404 Reiske
987 3345 1150 3418 έδεξαμεθα

136 3421 197 3476 sine
226 3415 263 3475 ἂν
290 3423 316 3476 R
397 3428 430 3477 17
459 3415 495 3478 διν
523 3420 561 3492 τῷ
590 3421 729 3492 δαιμονίῳ
756 3419 882 3474 δοκεῖΒ
962 3425 994 3474 19
1017 3415 1049 3472 τό
1075 3437 1105 3472 τε
1128 3418 1151 3472 Β

136 3488 350 3562 2οπρότεροιΒ
368 3490 540 3564 πρότερονΙδ
585 3497 618 3546 21
634 3489 847 3560 οτέρξωμενΒε
893 3496 927 3545 22
947 3490 1149 3560 κορ.ατίοιςΒ
