2660 3986
537 219 702 271 -Γ,..

14 371 15 460 J
110 401 181 464 μεν.
216 375 274 444 καί
292 376 354 446 έάν
371 373 453 464 ἡμῖν
470 373 553 445 κατὰ
571 380 658 446 νοῦν
675 375 812 466 χωρήσῃ
830 376 869 446 τὸ
889 382 1001 466 ἔργον,
1015 376 1126 467 ὥσπερ
1139 383 1180 448 13

108 484 149 552 τὸ
175 481 265 563 είκὸς
291 487 373 570 ἔχει,
399 487 585 570 Φιδηναῖοί
609 509 645 552 τε
676 485 733 552 καὶ
763 482 963 555 Οὐιεντανοὶ
990 491 1127 574 βαρείας

109 587 359 672 ἀπαλλάξαντες
379 587 467 679 ήμάς
488 587 657 680 ὑποταγής
680 587 726 672 ἀς
748 588 808 680 ὑφ’
829 589 925 679 ήμῶν
947 596 1047 662 τοῦτο
1070 615 1125 660 πε-

109 696 276 776 πονθότες
298 694 395 770 αὐτοὶ
413 696 513 786 χάριν
531 695 613 785 ἡμῖν
631 706 788 768 είσονται.
828 702 933 768 ταῦτα
952 700 1014 787 μέν
1033 701 1125 768 ἐστιν

109 800 131 870 ἃ
159 801 216 875 διὰ
238 808 363 892 πολλής
390 807 574 892 φροντίδος
604 808 925 892 παρασκευασθέντα
953 805 1053 876 ίαανά
1080 805 1151 876 ebs

109 937 166 980 ναι
190 913 286 980 δοκεῖ
305 938 363 999 μοι
385 910 516 1000 θάρσος
537 938 573 982 τε
599 913 655 980 καί
681 917 878 1002 προθυμίαν
901 915 960 1000 τῆς
981 910 1124 983 ἀποστά-

110 1038 194 1098 σεως
211 1014 294 1104 ὑμῖν
307 1031 501 1108 παρασχεῖν.
529 1015 570 1088 ὃν
586 1018 624 1090 δὲ
641 1018 769 1105 τρόπον
784 1021 961 1108 ἐπιχειρεῖν
975 1024 1021 1113 τῷ
1037 1025 1123 1112 ἔργφ
1136 1021 1178 1086 14

109 1123 349 1212 βεβούλευμαι,
376 1122 468 1194 τοῦτ’
494 1121 662 1196 ἀκούσατέ
685 1147 765 1213 μου·
797 1124 891 1207 τάξιν
919 1124 981 1212 μὲν
1004 1123 1125 1196 ἀποδέ-

111 1232 199 1300 δωκέ
219 1257 277 1318 μοι
299 1229 428 1318 Τάλλος
449 1230 512 1319 τήν
530 1229 595 1300 ὑπὸ
614 1235 660 1325 τῷ
684 1230 757 1320 ’όρει
778 1233 835 1304 καὶ
857 1230 984 1302 κελεύει
1003 1259 1043 1320 με
1061 1241 1124 1302 θα-

109 1340 209 1427 τέρου
231 1341 300 1408 τάν
322 1337 472 1428 κεράτων
497 1337 625 1427 ἄρχειν,
648 1337 730 1410 ὅταν
760 1339 797 1408 δὲ
824 1341 996 1427 μέλλωμεν
1021 1336 1124 1428 ὁμόσε
1139 1367 1166 1407 ιο

109 1459 180 1525 τοῖς
201 1449 374 1533 πολεμίοις
395 1459 530 1534 χωρεῖν,
547 1445 638 1534 ἄρξω
656 1445 719 1534 μὲν
742 1444 807 1532 ίγδ
825 1445 930 1526 λόσας
948 1444 1012 1533 τήν
1029 1445 1125 1528 τάξιν

109 1552 163 1620 έπὶ
185 1549 223 1622 τό
247 1550 327 1640 όρος
349 1549 457 1638 ἀγειν,
480 1549 727 1640 ἀκολουθήσετε
751 1553 791 1621 δέ
809 1579 867 1638 μοι
891 1549 987 1638 ὑμεῖς
1009 1571 1125 1622 συντε-

107 1661 295 1745 ταγμένους
325 1657 465 1745 ἀγοντες
495 1659 575 1738 τοὺς
605 1658 734 1746 λόχους.
789 1656 961 1746 ἁψάμενος
991 1657 1029 1726 δὲ
1055 1662 1124 1727 τῶν

108 1763 222 1854 ἄκρων
249 1767 306 1834 καλ
333 1769 371 1836 έν
398 1770 444 1859 τῷ
472 1764 619 1852 ἀσφαλεῖ
644 1765 829 1854 γενόμενος
854 1770 931 1833 τίνα
958 1763 1124 1852 χρήσομαι

53 1871 240 1961 εῖετρόπον
267 1887 338 1954 τοῖς
369 1872 450 1962 μετὰ
486 1877 589 1943 ταῦτα
620 1872 813 1961 πράγμασιν
847 1870 1015 1941 ἀκούσατέ
1044 1891 1123 1957 μου·
1138 1896 1164 1936 ιε

109 1977 169 2048 έάν
191 1978 254 2067 μὲν
278 1976 346 2068 ὁρῶ
370 1978 453 2050 κατὰ
475 1979 615 2068 γνώμην
642 1975 664 2048 ἀ
696 1984 925 2066 διαλογίζομαι
948 1975 1124 2065 χωροῦντά
1137 1975 1178 2043 15

108 2113 166 2174 μοι
192 2087 249 2156 καὶ
275 2096 416 2176 θρασεῖς
443 2085 506 2174 μέν
533 2086 715 2174 γεγονότας
742 2083 821 2165 τοδς
851 2089 1047 2172 πολεμίους,
1079 2081 1125 2163 ὥς

107 2190 205 2282 ήμῶν
225 2191 339 2274 αὐτοῖς
362 2192 683 2282 συλλαμβανόντων,
704 2189 882 2271 ταπεινοὺς
904 2189 942 2259 δὲ
959 2191 1016 2258 καὶ
1034 2213 1124 2279 περι

109 2299 241 2388 φόβους
257 2296 454 2388 Ῥωμαίους,
478 2297 523 2380 ὡς
544 2299 817 2389 προδεδομένους
844 2295 904 2386 ὑφ’
930 2294 1038 2384 ήμῶν,
1061 2324 1124 2385 φυ-

108 2411 170 2495 γής
195 2433 230 2478 τε
258 2409 387 2494 μᾶλλον
415 2401 436 2494 ή
463 2403 566 2494 ἀλκής
591 2407 883 2494 προνοουμένους,
912 2402 994 2492 ὅπερ
1024 2403 1124 2491 είκός,
1138 2429 1165 2469 εο

108 2513 315 2604 ἐπιθήσομαι
337 2511 529 2594 αὐτοῖςκαὶ
555 2512 679 2602 μεστὸν
701 2512 831 2601 ποιήσω
854 2515 984 2599 νεκρόν
1007 2510 1045 2581 τὸ
1068 2537 1123 2582 πε-

109 2625 186 2691 δίον
218 2623 253 2704 ἐξ
283 2621 483 2710 ὑπερδεξίου
514 2647 549 2693 τε
580 2618 705 2690 κατιὼν
738 2621 790 2690 ἐπὶ
817 2621 855 2689 τὸ
888 2618 1014 2707 πρανὲς
1038 2628 1124 2709 θαρ-

109 2727 217 2817 ροόση
240 2729 349 2796 τεκαὶ
368 2723 616 2818 συντεταγμένῃ
636 2727 779 2816 δυνάμει
797 2725 882 2815 πρὸς
899 2728 1125 2814 ἐπτοημένους

109 2832 317 2921 ἀνθρώπους
345 2834 621 2924 προσφερόμενος
651 2834 707 2902 καί
740 2831 920 2922 σποράδας.
966 2830 1060 2919 δεινή
1089 2830 1120 2899 δ’
1136 2828 1176 2892 16

110 2942 147 3009 έν
171 2953 241 3021 τοῖς
262 2942 419 3029 πολέμοις
440 2941 496 3009 καὶ
523 2937 544 3028 ή
569 2940 626 3008 διὰ
648 2943 748 3029 κενής
770 2941 977 3027 ἐμπίπτουσα
999 2941 1122 3026 προδο-
1137 2958 1163 3000 25

110 3051 185 3129 σίας
214 3046 398 3136 συμμάχων
425 3043 446 3134 ή
474 3050 643 3134 πολεμίων
671 3045 783 3116 ἄλλων
816 3043 945 3132 ἐφόδου
975 3042 1123 3130 δόκησις,

182 3271 290 3334 1κάνῖ
354 3279 426 3350 ῖτῷ
447 3275 518 3366 ἔργιρ
537 3279 560 3334 Β
578 3274 610 3333 τό
631 3275 753 3348 έργονΒ
811 3269 1020 3358 8βεβοόλημαι
1038 3269 1121 3328 ταῦτ’

110 3349 222 3406 Οοοεε.
240 3349 383 3422 Kjessling
447 3356 481 3406 10
499 3345 544 3406 στ’
565 3343 642 3406 άνΒ
712 3355 755 3404 14*
764 3347 802 3423 τῷ
822 3346 990 3417 ΚιεεεΙιοςὶο
1009 3347 1123 3400 auctore

108 3419 174 3478 fort.
203 3422 354 3480 delendum
381 3424 425 3477 est
505 3427 539 3476 25
564 3420 701 3490 διακενῆς
724 3419 941 3490 ΟΙπροδοσίας
965 3417 1122 3486 Stephanus

110 3493 266 3562 προδοσία.
286 3495 309 3548 Β
327 3494 466 3562 προδοσία
484 3493 510 3547 R
