2670 3984
596 241 760 294 ..B-

170 403 334 490 ίπχνεῖτο,
358 408 539 470 συνελθεῖν
563 399 721 481 κελεύσας
748 399 807 482 τάς
829 415 991 488 γυναῖκας
1018 399 1095 471 όσαι
1122 407 1183 471 τοῦ

168 533 203 578 τε
223 506 453 595 Ἀντεμνατῶν
475 509 531 575 καί
554 511 615 576 τοῦ
638 512 847 576 Καινινιτῶν
876 508 1060 596 ἐτύγχανον
1084 500 1183 578 οὖσαι

115 616 308 702 ειογένους,
340 610 551 700 ἡρπασμέναι
589 613 627 682 δέ
664 611 732 701 ἅμα
769 627 842 694 ταῖς
876 612 1008 701 ἄλλαις,
1038 615 1107 684 ἐπεὶ
1145 615 1184 683 ’δὲ

170 725 346 808 συνῆλθον
384 717 640 809 ὀλοφυρόμεναί
671 747 707 789 τε
743 721 798 788 καὶ
828 719 1091 810 προκυλιόμεναι
1127 721 1183 790 καὶ

169 825 227 907 τὰς
248 831 317 896 τῶν
341 831 514 914 πατρίδων
536 825 780 896 ἀνακλαίουσαι
803 826 919 915 τύχας,
943 829 1089 916 ἐπισχεῖν
1112 831 1183 896 τῶν
1210 849 1225 890 ε

171 931 330 1022 ὀδυρμῶν
366 935 421 1002 καί
460 937 626 1022 σιωπῆσαι
661 934 820 1014 κελεύσας
858 936 958 1016 ἔλεξε·
1008 940 1085 1014 Τοῖς
1122 933 1225 1022 μδνὸ

170 1039 342 1129 ὑμετέροις
364 1041 509 1127 πατράσι
532 1042 587 1109 καί
610 1039 772 1128 ἀδελφοῖς
796 1042 852 1108 καὶ
876 1039 971 1121 ὅλαις
993 1055 1065 1121 ταῖς
1087 1039 1184 1110 πόλε-

172 1168 227 1217 σιν
251 1145 346 1235 ὑμῶν
370 1146 502 1216 ἅπαντα
523 1146 564 1216 τά
588 1146 683 1216 δεινά
708 1145 876 1236 ὀφείλεται
894 1157 1030 1234 παθεῖν,
1054 1146 1106 1216 ότι
1124 1147 1184 1216 πό-

171 1263 274 1342 λεμον
297 1251 373 1322 άντὶ
396 1259 511 1341 φιλίας
539 1253 615 1324 οὔτε
642 1253 827 1342 ἀναγκαῖον
856 1253 934 1324 ούτε
962 1252 1067 1324 καλὸν
1095 1252 1183 1322 άνεί-

171 1369 285 1429 λουτο·
322 1357 416 1447 ἡμεῖς
452 1359 489 1428 δὲ
520 1364 655 1429 πολλῶν
690 1363 803 1430 ἕνεκεν
840 1359 1031 1448 ἐγνώκαμεν
1069 1364 1185 1450 μετρίᾳ
1199 1390 1228 1430 ιο

171 1466 363 1554 χρήσασθαι
399 1465 517 1555 γνιόμχ
557 1466 641 1556 πρὸς
681 1465 803 1547 αύτοὺς
843 1471 936 1536 θεῶν
976 1493 1011 1536 τε
1047 1469 1184 1554 νέμεσιν

171 1570 387 1660 ὑφορῶμενοι
414 1572 476 1660 τὴν
505 1571 608 1642 ἅπασι
635 1587 706 1653 τοῖς
737 1571 936 1662 ὑπερόγκοις
963 1576 1184 1661 ἐνισταμένην

171 1680 226 1748 καὶ
250 1677 444 1768 άνθρῶπυν
467 1679 605 1766 φθόνον
629 1678 777 1760 δεδιότες
801 1679 895 1748 ἐλεόν
922 1706 957 1748 τε
978 1683 1106 1749 κοινῶν
1128 1706 1185 1773 κα-

171 1789 241 1854 κῶν
266 1783 307 1854 ού
330 1783 450 1874 μικρὸν
471 1791 593 1874 ἔρανον
617 1782 704 1854 είναι
722 1791 926 1873 νομίζοντες,
944 1781 989 1866 ῶς
1006 1782 1070 1853 κάν
1089 1784 1188 1854 αὐτοί

172 1917 250 1962 ποτε
271 1895 333 1960 τοῦ
353 1889 432 1979 παρ’
455 1893 577 1979 ἑτέρων
599 1893 789 1978 δεηθέντες,
807 1889 889 1978 ὑμῖν
907 1917 942 1959 τε
962 1889 1003 1958 ού
1026 1904 1186 1977 μεμπταῖς
1202 1921 1230 1960 ιε

173 1996 400 2086 ὑπαρχούσαις
432 1999 527 2085 μέχρι
559 2002 660 2068 τοῦδε
687 1999 762 2085 περὶ
789 1995 868 2077 τοὺς
897 1997 1026 2066 ἑαυτῶν
1058 1995 1187 2084 ἄνδρας
1267 2065 1278 2081 ‚

175 2103 215 2172 οὐ
238 2102 361 2191 μικράν
386 2103 537 2191 οίόμενοι
560 2105 685 2193 ταύτην
711 2110 849 2173 ἔσεσθαι
877 2103 977 2192 τιμὴν
999 2104 1055 2172 καὶ
1078 2103 1186 2191 χάριν.

173 2216 334 2298 παρίεμεν
363 2202 426 2279 οὖν
454 2209 568 2292 αὐτοῖς
598 2210 660 2299 τὴν
687 2209 863 2298 ἁμαρτάδα
889 2209 1015 2297 ταύτην
1046 2207 1228 2296 άζύμιον4

172 2317 229 2385 καὶ
253 2315 330 2385 ούτε
353 2320 551 2406 ἐλευθερίαν
576 2316 652 2386 ούτε
674 2321 793 2405 κτῆσιν
818 2315 889 2386 οὔτ’
910 2315 992 2385 ἄλλο
1015 2319 1084 2384 τῶν
1107 2313 1186 2402 άγαν

174 2426 251 2492 θῶν
275 2421 377 2492 οὐδὲν
400 2422 479 2503 τοὺς
497 2429 633 2504 πολίτας
651 2421 747 2510 ὑμῶν
767 2421 1014 2510 ἀφαιρούμεθα.
1051 2424 1187 2510 ἐφίεμεν
1200 2452 1231 2492 οο

121 2529 218 2598 311δὲ
241 2543 311 2610 τοῖς
333 2557 368 2598 τε
395 2531 510 2618 μένειν
538 2531 750 2617 γλιχομένοις
774 2531 842 2598 ἐκεῖ
866 2530 922 2598 καί
945 2541 1015 2610 τοῖς
1038 2531 1188 2617 μετενέγ-

174 2645 300 2706 κασθαι
332 2640 553 2724 βουλομένοις
584 2635 643 2717 τάς
671 2635 816 2723 οίκήσεις
846 2633 1034 2705 άκίνδυνόν
1065 2663 1101 2704 τε
1133 2637 1188 2704 καί

175 2741 422 2830 άμεταμίλητον
445 2741 508 2830 τὴν
532 2746 671 2832 αἵρεσιν.
716 2747 777 2812 τοῦ
802 2742 840 2811 δὲ
863 2742 970 2831 μηδὲν
995 2748 1042 2812 ἐτι
1066 2740 1192 2822 αύτούς·

176 2849 410 2936 ἐπεξαμαρτεῖν
434 2849 512 2937 μηδ’
535 2848 723 2938 εὑρεθῆναί
743 2876 774 2918 τι
793 2853 914 2937 χρῆμα,
938 2845 956 2918 δ
978 2848 1112 2937 ποιήσει
1130 2847 1190 2927 τὰς

174 2955 289 3035 πόλεις
311 2955 539 3024 διαλύσασθαι
561 2953 623 3042 τὴν
646 2954 729 3042 πρὸς
747 2953 836 3042 ἡμᾶς
859 2959 989 3041 φιλίαν,
1008 2953 1188 3042 φάρμακον
1203 2982 1234 3022 ιε

175 3059 351 3148 ἡγούμεθα
373 3062 552 3150 κράτιστον
576 3060 664 3131 είναι
686 3061 770 3150 πρὸς
793 3060 951 3143 εὐδοξίαν
974 3087 1009 3129 τε
1031 3057 1189 3148 καὶπρὸς

231 3225 411 3277 1συνελθειν
426 3217 594 3285 κελευοαςΒ
613 3239 636 3277 σ.
647 3242 701 3308 γαρ
715 3223 806 3276 uis
843 3220 1050 3290 2of.p.,20210
1095 3215 1191 3274 δέπελ

177 3290 209 3348 δὲ
228 3291 372 3364 Kiessling
401 3289 544 3362 ἐπειδὴΟ
575 3288 727 3362 ἐπειδὴδὲ
751 3309 773 3346 ο.
797 3293 937 3346 Bucheler
1013 3297 1029 3346 8
1052 3287 1189 3345 πάνταΟ

178 3369 212 3419 10
231 3362 384 3420 *ἕνεκαΟ
459 3370 492 3419 14
511 3364 618 3449 μικρῶν
636 3313 682 3419 13⁷}
706 3365 711 3435 Ι
735 3357 791 3418 κάν
809 3362 950 3432 Kiessling
968 3355 1104 3416 καλΟ
1087 3381 1124 3415 αν
1141 3362 1191 3416 καὶ

177 3434 314 3490 Bflcheler
394 3441 429 3490 20
447 3430 637 3521 ολφελοόμεθα
665 3451 688 3490 ο,
713 3435 801 3490 Cobet
830 3434 894 3489 Obs.
921 3451 949 3503 p.
973 3439 1007 3488 4⁷
1089 3439 1124 3488 26
1143 3433 1191 3486 καί

177 3501 248 3574 πρὸς
266 3501 425 3574 ἀσφάλειαν
444 3507 467 3560 Β
485 3501 557 3577 πρὸς
576 3523 629 3562 om.
648 3507 674 3560 R
