2670 3984
544 239 710 292 -A-
1071 239 1133 304 131

113 403 219 466 θείαν
241 397 348 486 τύχην
376 396 444 486 ἅμα
472 395 666 483 διεληλύθει
692 395 755 484 τὴν
784 393 891 484 αύτην
920 395 1004 467 ὁδὸν
1027 403 1075 478 είς
1097 397 1134 467 τό

114 502 334 574 Παλλάντιον
368 503 443 572 ίάν·
481 499 518 583 ὃς
549 501 667 590 ἥκιστα
699 517 770 584 τοῖς
797 502 912 585 ἄλλοις
941 504 1136 592 καταφανὴς

113 609 300 697 γενόμενος
333 607 378 690 ὥς
409 612 585 680 ἐπίσταταί
610 636 642 679 τι
674 613 735 678 τοῦ
766 609 960 699 πράγματος
992 607 1136 694 ἀξιάσας

114 713 207 808 αύτῷ
227 719 493 805 συγχωρηθῆναι
512 715 552 786 τὰ
571 718 681 804 βρέφη
700 715 864 804 λαμβάνει
887 741 922 786 τε
943 714 1027 786 αύτά
1044 715 1135 806 παρά

113 827 178 892 τού
201 825 322 892 κοινοῦ
339 823 395 890 καί
414 823 528 910 φέρων
553 818 599 902 ὡς
621 819 682 909 τὴν
706 835 849 908 γυναῖκα
873 827 1011 912 ἔρχεται.
1046 849 1134 894 τετο-
1148 789 1188 918 1,0

114 943 217 998 κυῖαν
241 927 279 996 δέ
301 926 499 1016 καταλαβὼν
523 928 578 996 καί
601 924 798 1015 ἀχθομένην
824 925 876 998 ότι
904 928 1025 1018 νεκρὸν
1049 928 1134 1020 αὐτῇ

113 1033 152 1104 τὸ
181 1036 308 1123 βρέφος
335 1028 380 1121 ἦν
407 1039 660 1123 παραμυθεῖταί
682 1060 718 1103 τε
747 1037 804 1104 καί
837 1037 980 1104 δίδωσιν
1007 1033 1134 1124 ὑποβα-

113 1143 237 1210 λέσθαι
259 1142 300 1210 τὰ
323 1145 442 1210 παιδία
468 1143 581 1210 πᾶσαν
608 1143 642 1222 έξ
669 1137 774 1229 ἀρχῆς
803 1141 1049 1230 διηγησάμενος
1071 1139 1133 1230 τὴν

112 1251 349 1335 κατασχοῦσαν
373 1244 457 1316 αότά
479 1246 595 1335 τύχην.
637 1245 835 1336 αὐξομένοις
858 1247 896 1317 δὲ
919 1247 1035 1330 αὐτοῖς
1057 1248 1133 1318 ὄνο-

113 1382 161 1444 μα
187 1360 318 1424 τίθεται
345 1357 391 1447 τῷ
419 1354 481 1442 μὲν
504 1352 692 1443 Ῥωμύλον,
722 1359 768 1448 τῷ
797 1355 835 1424 δὲ
853 1353 992 1445 Ῥῶμον.
1038 1359 1074 1426 οί
1095 1355 1133 1424 δέ
1148 1383 1173 1421 10

113 1459 351 1547 ἀνδρωθέντες
382 1467 536 1548 γίνονται
568 1462 651 1532 κατά
683 1488 718 1530 τε
750 1461 890 1545 ἀξίωσιν
917 1466 1051 1552 μορφῆς
1078 1463 1133 1532 καὶ

112 1567 332 1656 φρονήματος
355 1565 458 1654 όγκον
487 1565 529 1638 ού
553 1574 760 1657 συοφορβοῖς
788 1570 844 1638 καὶ
866 1569 1046 1658 βουκόλοις
1068 1572 1132 1639 έοι-

111 1673 222 1759 κύνες,
251 1670 326 1742 ἀλλ’
352 1677 447 1753 οἵους
474 1673 518 1742 ἀν
545 1702 597 1755 τις
618 1671 770 1757 άξιιόσειε
797 1675 877 1756 τούς
900 1679 936 1745 ἐκ
958 1659 1133 1764 βασιλείου

55 1801 152 1851 κοῖτε
183 1779 313 1866 φύντας
341 1781 463 1866 γένους
494 1782 550 1850 καὶ
583 1778 648 1851 ἀπὸ
682 1781 857 1871 δαιμόνων
886 1787 1012 1873 σπορᾶς
1039 1785 1131 1870 γενέ-

112 1895 197 1954 σθαι
225 1887 482 1974 νομιζομένους,
510 1884 555 1968 ὦς
584 1889 621 1956 έν
647 1901 720 1969 τοῖς
746 1896 899 1979 πατρίοις
921 1887 1043 1977 ύμνοις
1065 1887 1130 1958 ὑπὸ
1147 1913 1172 1953 1⁵

105 1989 281 2080 Ῥωμαίων
306 1997 353 2061 ἔτι
376 1995 432 2061 καὶ
451 1997 516 2061 νῦν
540 1991 665 2084 ᾅδεται.
706 1998 780 2081 βίος
803 1991 835 2063 δ’
858 1992 972 2076 αὐτοῖς
990 1988 1033 2082 ἦν
1051 1995 1182 2083 βου-11

110 2097 246 2178 κολικός
266 2099 324 2167 καὶ
348 2103 459 2168 δίαιτα
482 2097 671 2189 αὐτουργὸς
698 2103 735 2170 ἐν
764 2099 858 2188 ὄρεσι
879 2103 919 2170 τά
941 2099 1048 2170 πολλὰ
1070 2127 1131 2189 πη-

111 2207 268 2293 ξαμένοις
292 2205 349 2273 διὰ
368 2205 478 2288 ξύλων
496 2207 553 2275 καί
574 2207 736 2295 καλάμων
756 2206 882 2296 σκηνὰς
904 2205 1130 2297 αὐτορόφους·

112 2302 161 2380 ὧν
185 2316 234 2380 ἔτι
256 2313 313 2381 καὶ
336 2317 384 2392 είς
406 2311 463 2401 ἐμὲ
486 2304 530 2399 ἦν
553 2340 604 2394 τις
629 2319 691 2383 τοῦ
714 2321 931 2385 Παλλαντίου
954 2316 1050 2403 <έπὶ>
1073 2319 1131 2404 τῆς

110 2415 196 2508 πρὸς
224 2403 286 2488 τόν
311 2418 523 2506 ἱππόδρομον
552 2420 761 2510 στρεφούσης
788 2422 934 2508 λαγόνος
956 2418 1131 2509 Ῥωμύλου
1144 2446 1171 2485 ιο

110 2527 290 2613 λεγομένη,
313 2522 358 2614 ἣν
381 2525 613 2614 φυλάττουσιν
635 2526 730 2616 ἱερὰν
754 2523 806 2610 οἷς
827 2529 958 2598 τούτων
981 2527 1130 2616 ἐπιμελὲς

110 2629 214 2701 οὐδὲν
238 2633 291 2700 ἐπὶ
309 2631 347 2700 τὸ
367 2631 572 2722 σεμνότερον
591 2632 775 2720 ἐξάγοντες,
794 2639 826 2703 εί
844 2637 931 2704 δέτι
949 2633 1130 2722 πονήσειεν

109 2737 176 2808 ὑπὸ
208 2741 372 2826 χειμῶνος
398 2734 420 2826 ἢ
448 2739 576 2827 χρόνον
608 2737 646 2808 τό
679 2747 796 2810 λεῖπον
828 2739 1044 2829 ἐξακούμενοι
1073 2743 1130 2810 καὶ

107 2850 154 2938 τῷ
178 2843 333 2935 πρόσθεν
356 2845 589 2931 ἐξομοιοῦντες
611 2850 660 2927 είς
683 2845 841 2934 δύναμιν.
886 2848 957 2916 ἐπεὶ
981 2847 1019 2916 δέ
1041 2846 1181 2936 άμφί12

107 2951 148 3021 τὰ
183 2950 408 3021 ὀκτωκαίδεκα
445 2955 500 3037 ἔτη
537 2952 714 3038 γεγονότες
751 2945 839 3040 ἦσαν
872 2953 1064 3043 ἀμφίλογόν
1096 2981 1128 3022 τι
1142 2984 1168 3025 οε

107 3060 185 3148 περὶ
212 3063 271 3146 τῆς
298 3059 405 3145 νομοῖς
432 3054 547 3138 αὐτοῖς
574 3064 702 3146 γίνεται
728 3057 812 3149 πρὸς
835 3059 914 3142 τοὺς
936 3063 1129 3148 Νεμέτορος

180 3225 198 3273 4
218 3212 296 3292 αύτῷ
314 3218 460 3273 Meutzner
473 3219 544 3272 Anu.
560 3219 629 3288 phil.
646 3225 715 3276 18⁷⁷
732 3237 759 3290 p.
774 3225 825 3275 831
846 3213 924 3290 αύτῷ
943 3218 966 3276 Ο
1023 3223 1037 3273 7
1058 3214 1126 3274 ύπο-

108 3287 267 3418 ἀλόκεόθω
285 3291 339 3416 Αιι
367 3285 593 3430 ἀῗάόίζῖόηι
618 3297 680 3433 0¹⁹1
705 3285 915 3431 ‘3²‹52252'23
933 3286 1128 3417 csyl'ffie‘i'e‘ss

108 3439 141 3559 {1
161 3426 310 3556 τοόῇωνθ
329 3431 414 3487 τοῦτο
434 3430 535 3488 Reiske
598 3437 633 3490 23
648 3427 890 3503 έξασκούμενοιΒ
953 3437 988 3487 25
1007 3427 1125 3504 ἀμφί..

125 3523 192 3575 ογον

928 3590 965 3647 9*
