2670 3984
533 267 700 319 „A-

102 445 181 494 κοσι
204 426 260 493 καί
282 431 366 514 τρία.
408 430 520 493 ἔπειτα
540 422 694 511 Ἀμόλιος
721 422 763 492 οὐ
790 422 855 492 σὺν
879 427 956 512 δίκη
979 422 1041 510 τὴν
1064 429 1123 511 βα-

105 537 236 602 σιλείαν
259 529 433 620 κατασχῶν
456 534 623 619 Νεμέτορι
646 529 902 618 προσήκουσαν,
930 525 969 608 ἀς
997 521 1042 616 ἦν
1065 529 1123 599 αὐ-

103 641 150 730 τῷ
173 637 399 727 πρεσβύτερος
425 636 589 726 ἀδελφός,
623 635 686 705 δύο
713 637 770 704 καί
796 634 1039 724 τετταράκοντα
1067 641 1123 724 ἐτη

105 745 314 814 δυναστεύει.
352 744 510 833 Ἀμολίου
534 743 572 812 δέ
594 741 837 832 ἀναιρεθέντος
864 739 930 812 ὑπὸ
949 739 1124 829 Ῥωμύλου
1142 748 1164 812 5

104 851 160 919 καί
183 849 314 939 Ῥῶμον
340 855 409 921 τῶν
438 853 474 920 ἐκ
504 855 565 938 τῆς
592 853 683 937 ίεράς
709 847 812 936 κόρης
839 849 1048 935 γενομένων,
1077 846 1124 928 ῶς
1151 871 1163 910 ⁵

104 954 224 1026 αὐτίκα
251 955 467 1045 λεχθήσεται,
496 955 577 1045 μετὰ
606 955 667 1026 τὸν
696 959 828 1025 ἐκείνου
860 953 1015 1023 θάνατον
1042 952 1122 1023 ἀπο-

104 1061 269 1150 λαμβάνει
292 1061 354 1151 τὴν
377 1061 460 1133 κατὰ
479 1063 588 1151 νόμον
608 1064 813 1130 δυναστείαν
832 1061 993 1148 Νεμέτωρ
1018 1059 1124 1130 ὁτῶν

103 1175 293 1238 νεανίσκων
321 1169 552 1258 μητροπάτωρ.
601 1173 647 1261 τῶ
677 1163 708 1236 δ’
735 1169 809 1255 ἑξῆς
837 1172 902 1236 ἐτει
929 1169 988 1253 τῆς
1016 1172 1122 1255 Νεμέ-

102 1301 203 1364 τορος
229 1274 348 1364 ἀρχῆς,
376 1277 523 1366 δευτέρω
557 1273 594 1342 δέ
626 1274 682 1342 καὶ
714 1277 898 1366 τριακοστῷ
926 1273 983 1340 καί
1010 1299 1123 1361 τετρα-

48 1388 273 1477 18οκοσιοστῷ
298 1381 379 1470 μετά
405 1379 467 1468 τὴν
488 1379 591 1449 Ἰλίου
614 1377 758 1466 ἅλωσιν,
785 1378 944 1448 ἀποικίαν
972 1384 1120 1449 στείλαν-
1137 1411 1163 1450 ιο

102 1515 157 1569 τες
185 1487 342 1576 Ἀλβανολ
370 1485 546 1575 Ῥωμύλου
581 1487 636 1554 καὶ
668 1483 799 1572 Ῥῶμον
835 1483 898 1572 τὴν
935 1484 1122 1574 ἡγεμονίαν

102 1593 208 1682 αὐτῆς
252 1595 399 1682 ἐχόντων
444 1598 592 1675 κτίζουσι
632 1589 765 1680 Ῥῶμην
806 1597 900 1674 ἐτους
942 1595 1123 1674 ἐνεστῶτος

101 1701 240 1791 πρῶτον
265 1705 324 1788 τῆς
352 1700 499 1788 ἑβδόμης
527 1698 748 1787 ὀλυμπιάδος,
782 1695 825 1786 ἣν
859 1701 953 1768 ἐνίκα
969 1698 1121 1768 ’στάδιον

103 1807 484 1895 Δαλκλῆς’Μεσσήνιος,
507 1805 670 1895 άρχοντος
686 1805 849 1893 Ἀθήνησι
870 1805 1027 1895 Χάροπος
1050 1811 1123 1885 ἐτος

101 1919 161 2001 τῆς
184 1919 353 1994 δεκαετίας
374 1917 518 2004 πρῶτον.
1135 1940 1160 1980 15

170 2039 303 2106 LXXII.
346 2035 641 2125 Ἀμφισβητήσεως
683 2035 721 2103 δέ
761 2038 886 2122 πολλῆς
927 2033 1030 2121 οὔσης
1065 2039 1121 2104 καί

100 2145 263 2231 περὶτοῦ
290 2143 418 2232 χρόνον
445 2147 504 2230 τῆς
526 2147 663 2221 κτίσεως
690 2142 745 2208 καὶ
773 2141 939 2228 περὶτῶν
963 2145 1121 2210 οἰκιστῶν

99 2255 162 2337 τῆς
183 2250 312 2330 πόλεως
340 2249 422 2318 οὐδὲ
449 2247 551 2328 αὐτὸς
577 2247 672 2340 ᾤμην
702 2250 774 2315 δεῖν
801 2243 912 2336 ῶσπερ
936 2245 1120 2334 ὁμολογού-

101 2383 188 2444 μενα
214 2355 300 2444 πρὸς
326 2353 486 2425 ἀπάντων
514 2355 548 2436 ἐξ
576 2356 758 2440 ἐπιδρομῆς
790 2355 955 2422 ἐπελθεῖν.
1008 2353 1120 2441 Κεφά-

101 2471 172 2542 λων
200 2463 264 2551 μέν
290 2461 355 2550 γάρ
383 2459 402 2530 δ
426 2467 606 2549 Γεργίθιος
629 2460 844 2548 συγγραφεὺς
866 2457 1007 2540 παλαιὸς
1029 2460 1120 2529 πάνυ
1134 2491 1161 2529 ιο

103 2572 244 2659 δευτέρᾳ
280 2571 379 2659 γενεᾷ
410 2565 491 2656 μετὰ
523 2565 584 2636 τὸν
612 2565 757 2636 Ἰλιακὸν
789 2566 935 2654 πόλεμον
968 2569 1120 2635 ἐκτίσθαι

101 2679 191 2762 λέγει
213 2673 276 2762 τὴν
299 2675 399 2744 πόλιν
422 2671 487 2743 ὑπὸ
511 2677 580 2741 τῶν
610 2675 643 2754 ἐξ
662 2670 765 2740 Ἰλίου
789 2675 1030 2742 διασωθέντων
1054 2672 1118 2742 σὺν

101 2787 234 2872 Αίνείμ,
258 2779 409 2868 οίκιστὴν
434 2779 472 2848 δέ
495 2778 597 2867 αὐτῆς
619 2777 802 2866 ἀποφαίνει
820 2778 881 2847 τὸν
904 2777 1121 2867 ἡγησάμενον

100 2893 161 2976 τῆς
192 2887 347 2968 ἀποικίας
369 2884 514 2975 Ῥῶμον,
546 2890 668 2955 τοῦτον
697 2884 729 2952 δ’
756 2883 845 2954 εἶναι
876 2890 944 2954 τῶν
977 2889 1120 2954 Αίνείου

100 2999 234 3062 παίδων
259 2995 331 3062 ἕνα·
354 2993 510 3081 τέτταρας
533 2993 573 3060 δέ
593 3011 698 3095 φησιν
718 2995 839 3082 Αἰνεία
861 2995 1021 3078 γενέσθαι
1044 3005 1116 3058 παϊ-
1132 3019 1158 3062 ιο

101 3105 180 3186 δας,
204 3099 397 3187 Ἀσκάνιον,
425 3097 659 3189 Εὐρυλέοντα,
681 3096 870 3186 Ῥωμύλον,
893 3095 1032 3186 Ῥῶμον.
1075 3108 1118 3167 εί-

177 3307 354 3375 1οςουΑο
373 3307 465 3376 οςΑει
501 3307 726 3368 3δάοτειιαλΒ
772 3308 935 3400 θρέμουΑ
972 3306 1117 3379 θμετά-

100 3380 236 3440 θάνατον
254 3385 308 3440 δελ.
327 3385 450 3440 Βεοδλετ
468 3384 560 3438 Tiroe.
578 3402 605 3453 p.
622 3389 654 3437 17
727 3377 851 3467 θάρχῆς
869 3375 971 3450 πρῶτον
989 3380 1035 3434 vel
1055 3382 1116 3436 δευ

100 3455 174 3528 τέρῳ
198 3473 222 3510 ο.
240 3455 344 3511 Reuke
408 3462 442 3510 19
461 3459 617 3524 παρελθειν
635 3455 658 3507 Β
678 3455 683 3524 Ι
703 3449 853 3521 κεφάλλων
871 3454 896 3506 Α
965 3456 1000 3506 20
1018 3449 1119 3522 γεργή-

100 3531 169 3590 θιος
187 3525 234 3580 Bb
289 3533 323 3581 22
344 3524 374 3593 ἐξ
393 3543 447 3582 om
458 3529 504 3581 Ba
558 3532 593 3580 24
612 3523 742 3580 ιιίνείαΑ
796 3528 830 3578 25
849 3523 974 3593 φησινΒ
993 3525 1118 3592 φασινΒ

920 3613 959 3666 8*
