2660 3986
563 223 728 274 ..Γ-

139 383 227 447 νοῦν
264 383 391 448 θάττον
432 381 650 467 ἐπιφανείσης
686 383 745 467 τῆς
776 377 949 468 Ῥωμαίων
987 381 1153 466 στρατιάς,

8 510 12 519 ·
140 483 215 554 οὐδ’
252 485 418 572 ἐξεγένετο
454 483 533 575 παρ’
569 483 728 574 οὐδεμιᾶς
763 490 840 555 τῶν
868 485 1000 556 πόλεων
1032 483 1152 572 κοινὴν

139 590 370 680 ἀποσταλῆναι
400 606 472 672 τοῖς
506 599 696 680 Τυρρηνοῖς
731 599 940 682 συμμαχίαν,
970 589 1044 662 ἀλλ’
1079 595 1153 662 ἐθε-

139 705 261 768 λονταί
284 725 373 780 τινες
400 699 631 788 ἐπεκούρησαν
659 697 773 781 αὐτοῖς
801 698 909 788 ὀλίγοι
938 710 1076 790 μισθοῖς
1098 725 1188 844 με-3

138 805 256 892 γάλοις
287 804 504 894 ὑπαχθέντες.
550 808 586 875 ἐκ
617 805 740 894 ταύτης
770 811 829 895 τῆς
860 807 967 896 μάχης
998 811 1180 906 μεγίστης,

139 915 208 982 τῶν
230 913 404 1001 προτέρων
427 915 622 1000 γενομένης,
646 910 729 992 ὅσας
745 912 829 1001 πρὸς
851 913 1018 1002 ἀλλήλους
1041 915 1153 982 ἐπολέ-

87 1029 273 1105 566μησαν,
295 1016 336 1086 τδι
359 1019 420 1106 μὲν
437 1015 612 1105 Ῥωμαίων
639 1017 816 1106 πράγματα
842 1018 1044 1108 θαυμαστὴν
1069 1017 1154 1105 ὅσην

140 1127 293 1200 ἐπίδοσιν
322 1130 418 1212 ἔλαβε
449 1130 550 1212 νίκην
578 1126 846 1214 ἐξενεγκαμένων
873 1131 1071 1212 καλλίστην,
1098 1123 1154 1192 λαὶ

139 1237 273 1318 βασιλεῖ
301 1237 478 1324 Ταρκυνίῳ
510 1230 573 1319 τὴν
602 1231 855 1322 τροπαιοφόρον
887 1229 1023 1320 πομπὴν
1055 1230 1154 1300 κατά-

139 1365 213 1426 γειν
236 1336 259 1425 ἥ
280 1364 316 1407 τε
342 1335 450 1424 βουλὴ
478 1339 534 1406 καλ
558 1335 576 1407 ὁ
605 1342 712 1426 δῆμος
734 1341 937 1426 ἐψηφίσατο,
960 1337 1000 1408 τά
1024 1337 1062 1408 δέ
1084 1341 1153 1408 τάν
1168 1353 1194 1394 1⁰

145 1448 330 1534 Τυρρηνῶν
363 1449 458 1514 §usae
489 1443 690 1533 φρονήματα
725 1445 833 1526 πάσας
869 1445 931 1533 μὲν
968 1447 1154 1527 ἐξαποστει-

140 1551 274 1620 λάντων
298 1554 346 1629 είς
372 1548 433 1618 τὸν
456 1546 572 1636 ἀγῶνα
600 1549 660 1631 τὰς
683 1553 716 1632 ἐξ
740 1550 878 1638 ἑκάστης
900 1553 1029 1632 πόλεως
1052 1551 1155 1620 δυνά-

140 1684 228 1745 μεις,
252 1653 389 1744 ὀλίγους
417 1659 457 1726 δέ
481 1683 582 1742 τινας,
605 1659 641 1726 ἐκ
662 1661 798 1727 πολλῶν
820 1657 901 1738 τοὺς
924 1661 1155 1740 διασωθέντας

140 1762 410 1851 ὑποδεξαμένων.
457 1766 492 1832 οί
512 1762 575 1850 μέν
598 1762 662 1852 γάρ
687 1766 725 1833 ἐν
745 1769 786 1854 τῇ
809 1764 989 1854 παρατάξει
1012 1763 1154 1852 μαχόμε-

140 1897 196 1940 νοι
219 1870 461 1958 κατεκόπησαν,
485 1873 521 1938 οἱ
542 1867 573 1938 δ’
594 1873 632 1938 ἐν
654 1874 695 1960 τῇ
712 1873 820 1960 τροπῇ
839 1875 1043 1959 δυσχωρίαις
1060 1872 1155 1958 έγκυ-
1169 1882 1195 1924 1⁵

140 1977 304 2065 ρήσαντες
347 1973 522 2059 ἀνεξόδοις
564 1977 757 2066 παρέδοσαν
799 1991 871 2058 τοῖς
914 1976 1154 2066 κεκρατηκόσιν

141 2083 290 2164 ἑαυτούς.
339 2083 495 2170 τοιαύτης
522 2085 638 2171 μέντοι
671 2087 849 2171 συμφοράς
876 2085 1094 2172 πειραθέντες
1117 2085 1158 2152 ,οί
1168 2081 1190 2144 4

141 2189 371 2260 δυνατώτατοι
406 2193 474 2258 τῶν
507 2191 545 2258 έν
576 2201 649 2270 ταῖς
683 2189 823 2258 πόλεσιν
856 2195 956 2278 ἔργον
993 2193 1154 2277 ἐποίησαν

140 2295 336 2384 ἀνθράκων
364 2301 552 2383 φρονίμων.
598 2296 714 2383 ἑτέραν
742 2293 806 2384 γδιρ
833 2294 993 2384 στρατιάν
1021 2294 1070 2364 ἐπ’
1096 2293 1154 2364 αύ-

140 2401 220 2482 τούς
247 2399 467 2488 ἐξαγαγόντος
502 2404 666 2488 βασιλέως
701 2406 892 2490 Ταρκυνίου
928 2405 1156 2490 συναχθέντες
1169 2425 1195 2465 ιο

28 2536 31 2538 ’
141 2513 190 2589 είς
212 2513 293 2596 μίαν
317 2505 446 2598 ἀγοράυ
463 2509 541 2596 περὶ
562 2507 773 2588 καταλύσεως
793 2512 855 2577 τοῦ
873 2509 1023 2596 πολέμου
1046 2512 1155 2579 διαλέ-

142 2623 264 2706 γεσθαι
295 2612 379 2702 πρὸς
410 2612 515 2684 αὐτὸν
549 2617 758 2702 ἐψηφίσαντο
790 2615 847 2684 καλ
877 2617 1046 2704 πέμπουσι
1076 2615 1155 2698 τοδς

141 2720 392 2808 πρεσβυτάτους
413 2721 543 2811 ἀνδρας
564 2723 620 2791 καλ
638 2721 857 2810 τιμιωτάτους
880 2725 916 2804 ἐξ
936 2723 1075 2812 ἑκάστης
1095 2723 1155 2792 πό·

142 2835 227 2908 λεως
253 2824 501 2918 αὐτοκράτορας
527 2827 761 2912 ἀποδείξαντες
787 2833 856 2912 τῶν
883 2831 959 2916 περὶ
986 2833 1045 2919 τῆς
1067 2829 1155 2917 εἰρή-

142 2961 205 3022 νης
227 2930 426 3021 ὁμολογιῶν.
1170 2953 1196 3002 2⁵.

231 3043 298 3110 LX.
325 3037 361 3108 Ὁ
389 3041 427 3110 δὲ
453 3040 608 3128 βασιλεὺς
634 3041 781 3123 ἀκούσας
807 3040 921 3110 αὐτῶν
936 3039 1060 3134 ,πολλὰ
1083 3046 1155 3110 δια·

86 3149 337 3235 σοιλεχθέντων
366 3147 521 3236 ἐπαγωγά
549 3148 633 3238 πρὸς
664 3152 842 3218 ἐπιείκειαν
871 3148 927 3216 καὶ
958 3148 1155 3237 μετριότητα

214 3337 361 3398 θούδέΒ
438 3339 611 3400 mimo
689 3339 890 3414 θάλλήλαςΒ
968 3349 1002 3400 13
1024 3364 1104 3406 τινας
1124 3341 1155 3399 ἐκ

142 3415 253 3468 πολλῶν
271 3409 339 3476 τοὺς
356 3414 552 3478 διασωθέντας
571 3417 593 3470 Β
612 3435 692 3478 τινας
709 3411 777 3478 τούς
795 3417 819 3470 δ.
836 3411 868 3471 ἐκ
887 3434 915 3470 π.
933 3415 960 3470 R
1032 3421 1066 3472 14
1084 3411 1157 3471 ἀπο-

142 3484 308 3556 δεξαμένων
323 3502 345 3541 ο.
362 3486 484 3558 Sylburg
540 3493 572 3542 19
588 3481 722 3558 στρατιάν
742 3480 789 3542 ἐπ’
806 3482 911 3550 αύτούς
927 3483 1116 3557 ἐξαγαγόντος
1131 3490 1156 3543 Α
