2698 3982
189 520 330 584 πλεῦσαι
347 515 408 584 τὸν
427 513 580 602 Τρωικὸν
598 515 720 584 στόλον
740 520 776 584 οἵ
794 543 829 586 τε
847 519 991 606 χρησμοί
1015 528 1116 588 αίτιοι
1135 521 1203 606 έγέ-

189 645 292 692 νοντο
315 625 409 702 τέλος
431 621 592 707 λαβόντες
615 625 652 690 ἐν
674 621 806 703 τούτοις
832 638 903 704 τοῖς
929 629 1066 712 χιιρίοις
1087 626 1142 692 καὶ
1165 623 1206 694 τό

190 729 370 817 δαιμόνιον
392 733 567 816 πολλαχῶς
588 727 651 815 τήν
675 731 797 798 ἑαυτοῦ
811 730 976 818 βούλησιν
991 731 1221 818 ένδεικνόμε-·

163 853 273 906 ὄνον·
296 835 410 924 ἐπειδή
433 833 497 924 γάρ
521 834 614 926 ὅρμῳ
638 837 843 924 χρησάμενοι
865 841 913 928 τῷ
937 842 1102 930 Λωρεντῷ
1126 857 1204 926 σκη-

172 941 251 1022 νδις
280 943 442 1030 ἐπήξαντο
464 944 540 1030 περὶ
567 939 626 1011 τὸν
655 943 826 1030 αἰγιαλόν,
856 943 1075 1032 πρῶτονμὲν
1098 951 1205 1026 πιεζο-

188 1053 304 1137 μένοις
330 1064 401 1130 τοῖς
428 1047 625 1136 ἀνθρώποις
647 1046 714 1118 ὑπὸ
742 1053 843 1137 δίψης
867 1048 928 1119 οὑκ
952 1055 1087 1137 ἔχοντος
1108 1049 1204 1138 ὕδωρ

187 1160 249 1224 τοῦ
275 1155 382 1224 τόπου
409 1156 510 1245 (λέγω
539 1155 577 1224 δὲ
604 1152 626 1222 ἃ
649 1155 739 1244 παρὰ
765 1161 833 1226 τῶν
862 1160 1032 1247 ἐγχωρίων
1061 1158 1205 1244 παρέλα-

189 1262 270 1350 βον)
293 1261 430 1350 λιβάδες
453 1259 635 1348 αὐτόματοι
657 1261 806 1350 νάματος
819 1259 961 1349 ἡδίστου
975 1265 1010 1330 ἐκ
1023 1267 1085 1350 γῆς
1107 1261 1204 1331 ιἰνελ-

152 1383 177 1422 1⁰
190 1372 318 1436 θοὺσαι
341 1367 521 1454 ὤφθησαν,
545 1370 577 1449 ἐξ
602 1359 651 1436 ὧν
673 1366 696 1456 ή
718 1395 753 1437 τε
777 1367 914 1457 στρατιά
927 1373 1018 1436 πάσα
1039 1366 1204 1458 ὑδρεύσα-

190 1498 229 1542 το
247 1475 303 1542 καὶ
318 1472 336 1543 ὁ
351 1474 453 1554 τόπος
466 1480 664 1562 περίρρυτος
677 1478 795 1562 γέγονε
815 1478 910 1563 μέχρι
924 1475 1093 1563 θαλάττης
1105 1501 1205 1544 κατοι-

150 1579 316 1668 2βάντος
348 1577 412 1648 ἀπὸ
440 1584 509 1648 τῶν
540 1583 659 1666 πηγῶν
685 1585 747 1649 τοῦ
775 1580 947 1668 ῥεύματος.
992 1585 1059 1650 νῦν
1088 1586 1205 1670 μέντοι

189 1685 301 1756 οὑκέτι
323 1686 518 1774 πλήθουσιν
537 1685 621 1755 ὥστε
643 1688 700 1755 καί
722 1685 885 1776 ἀπορρεῖν
907 1691 945 1755 αλ
961 1687 1108 1774 λιβάδες,
1131 1686 1201 1758 ἀλλ’

189 1799 280 1862 ἔστιν
299 1791 417 1880 ὀλίγον
435 1791 530 1882 ὕδωρ
549 1795 587 1862 έν
609 1799 712 1885 κοίλρι
735 1800 846 1884 χωρίῳ
867 1793 1081 1882 συνεστηκὸς,
1104 1794 1261 1881 λεγό-ιιο

149 1922 173 1964 ιι
187 1925 293 1987 μενον
315 1897 384 1968 ὑπὸ
403 1903 472 1968 τῶν
485 1902 657 1988 ἐγχωρίων
680 1899 774 1988 ίερὺν
796 1898 911 1988 ἡλίου·
933 1901 989 1969 καὶ
1012 1902 1120 1989 βωμοί
1140 1901 1203 1970 δύο

186 2005 266 2093 παρ’
291 2005 381 2099 αὐτῷ
406 2010 614 2091 δείκνυνται,
643 2003 661 2074 ὑ
689 2007 751 2094 μέν
773 2005 858 2094 πρὸς
880 2005 1046 2088 άνατολὺς
1067 2031 1204 2097 τετραμ-

185 2117 302 2201 μένος,
340 2110 358 2181 ὁ
397 2112 435 2180 δὲ
470 2111 554 2200 πρὸς
591 2111 720 2198 δύσεις,
766 2112 897 2200 Τρωικά
934 2113 1115 2202 ίδρόματα,
1152 2113 1202 2200 ἐφ’
1257 2124 1262 2133 “

188 2211 238 2288 ὧν
259 2217 321 2287 τὸν
338 2223 482 2286 Αἰνείαν
504 2223 738 2304 μυθολογοῦσι
756 2218 893 2306 πρωτην
914 2227 1043 2290 θυσίαν
1065 2219 1204 2308 ποιήσα-

152 2330 272 2395 3σθαι
300 2327 346 2416 τῷ
369 2328 440 2415 θεῷ
470 2324 689 2414 χαριστήριον
715 2327 785 2394 τῶν
810 2323 955 2394 ὑδάτων.
998 2331 1109 2396 ἔπειτα
1131 2326 1205 2414 άρι-

43 2479 45 2484 ι
147 2463 174 2503 ιο
187 2452 269 2501 στου
305 2429 423 2510 αὑτοῖς
459 2433 674 2520 αίρονμίνοις
715 2433 768 2500 έπὶ
803 2437 866 2501 τοῦ
902 2435 1052 2502 δαπέδου
1088 2436 1204 2503 σέλινα

187 2538 250 2626 μὲν
271 2543 409 2616 πολλοῖς
431 2533 622 2625 ὑπέστρωτο
644 2538 701 2606 καὶ
723 2530 769 2625 ήν
794 2542 899 2607 ταῦτα
923 2536 1034 2628 ὥσπερ
1061 2539 1205 2628 τράπεζα

185 2647 255 2712 τεόν
278 2641 487 2730 ἐδεσμάτων·
516 2640 561 2724 ὑς
584 2646 624 2712 δέ
645 2649 732 2732 φασί
751 2671 854 2731 τινες,
883 2655 972 2734 ἴτρια
993 2651 1125 2735 καρποῦ
1147 2671 1204 2716 πε-

185 2753 352 2837 ποιημένα
369 2754 532 2839 πυρίνου,
554 2751 818 2839 καθαρειότητος
838 2766 912 2832 ταῖς
932 2767 1074 2842 τροφαῖς
1096 2755 1205 2822 ἕνεκα.

186 2857 257 2926 ἐπεὶ
290 2855 328 2925 δέ
359 2859 397 2923 αί
425 2867 665 2943 παρατεθεῖσαι
696 2859 820 2946 τροφαί
851 2859 1105 2945 κατανάλωντο,
1134 2863 1206 2928 τῶν

146 2991 173 3033 ιι
186 2961 454 3050 ὑπεστρωμένων
482 2962 597 3044 αὐτοῖς
626 2969 770 3033 σελίνων
797 2973 862 3032 εἴτε
885 2969 1001 3054 ίτρίων
1029 2968 1134 3053 ἔφαγέ
1153 2993 1207 3046 τις

257 3153 540 3226 λέπιδεικνὺμενον
568 3159 591 3212 Β
682 3165 698 3213 9
727 3153 883 3244 αὑτόματοι
911 3159 935 3214 Ο
963 3177 1032 3216 corr.
1059 3159 1206 3232 Kiessling

187 3234 220 3283 10
246 3226 384 3353 ἔφθησαν
417 3244 440 3282 ο.
468 3228 611 3306 Kiessling
646 3233 650 3297 Ι
671 3225 860 3315 ὑδρεὺσαντο
884 3231 909 3285 Α
1002 3237 1034 3286 11
1055 3226 1205 3300 έπίρρυτος

185 3294 259 3364 ΒΙέ
261 3297 400 3368 γένετοΒ
475 3305 509 3353 14
527 3295 698 3386 συνεστηκός
717 3297 749 3355 ἐν
767 3301 851 3355 κοιλω
871 3303 1011 3388 χωρίωΒ
1077 3307 1111 3356 15
1131 3301 1204 3357 ίλίου

185 3319 278 3424 ABay
333 3375 367 3424 20
387 3368 483 3424 σέλινα
506 3364 595 3456 μὲν
578 3390 615 3432 ως
633 3370 829 3440 παραδέδοται
847 3376 973 3440 πολλοῖς,
996 3368 1203 3442 ὑπέστρωτοο

185 3435 324 3495 Reiske
306 3460 344 3502 ως
360 3439 413 3508 μὲν
429 3444 541 3502 πολλοῖς
556 3435 731 3497 άποδέδοται
748 3441 844 3498 σέλινα
861 3443 1042 3499 0.B1'10heler
1100 3449 1133 3498 23
1153 3463 1203 3499 κα-

185 3505 358 3580 θαριότητος
377 3511 399 3566 Ο
420 3527 489 3566 corr.
509 3510 598 3567 Cobet
617 3513 682 3570 Obs
700 3531 728 3584 p
747 3521 781 3568 31

191 245 234 314 88
614 281 650 292 ·-
686 252 711 305 Α
747 281 781 292 -

278 412 345 515 LV.
391 413 458 478 Τοὺ
491 408 529 476 δὲ
561 411 674 496 μηκέτι
711 413 912 498 προσωτέρω
947 414 1008 498 τής
1038 410 1205 500 Εὐρώπης
1326 213 1335 796 ⁴
