2682 3982
549 231 714 282 ..Γ-

125 385 236 476 ῶσπερ
267 388 324 456 καὶ
354 385 433 475 παρ’
455 386 643 474 Ἀλβανοῖς·
680 385 740 469 οὓς
771 393 803 457 εί
834 388 1053 477 διδάσκοιμεν
1085 387 1137 460 ὅτι

123 501 204 564 θεία
226 521 276 574 τις
299 499 427 582 ἔφθακε
449 494 532 582 τύχη
553 492 611 575 τάς
629 491 849 583 ἀνθρωπίνας
868 495 1017 577 σπονδὰς
1036 495 1139 585 αὐτῆς

67 601 365 691 εεοπαρασχοόσης
377 599 456 682 τοὺς
469 603 503 683 ἐξ
521 607 598 670 ῖσον
616 600 676 672 τὸν
690 599 774 692 ὑπὲρ
788 606 857 672 τῶν
870 601 1003 673 πόλεων
1023 600 1138 690 ἀγῶνα

124 711 385 796 ποιησομένους,
414 704 456 776 ού
482 712 632 796 χαλεπῶς
657 713 827 797 πείσομεν.
877 707 919 779 ού
945 709 1009 796 γάρ
1037 708 1138 798 ἀρετῇ

124 820 300 884 λείπεσθαι
342 814 480 896 δόξουσι
521 817 589 884 τῶν
629 814 803 904 τριδύμων
839 813 1017 902 ἀδελφῶν,
1053 814 1165 884 ἀλλάῡ

124 921 259 1009 φύσεως
281 920 440 1012 εύκληρίμ
461 922 518 989 καὶ
544 920 646 1009 τύχης
669 921 855 1010 ἰσορρόπου
880 922 964 1011 πρὸς
985 919 1023 991 τὸ
1047 919 1138 991 ἀντί-

124 1036 233 1098 παλον
256 1026 506 1115 ἐπιτηδειότητι.

213 1137 285 1204 XV.
321 1138 473 1203 Τοσαῦτα
494 1137 556 1204 τού
577 1140 790 1222 Φουφεττίου
808 1137 965 1218 λέξαντος
982 1136 1038 1220 καί
1055 1135 1138 1205 πάν-

123 1267 192 1311 των
215 1239 277 1328 τὴν
300 1240 440 1329 γνῶμην
468 1241 719 1311 ἐπαινεσάντων
743 1243 878 1332 (ἔτυχον
908 1241 947 1310 δὲ
965 1239 1139 1330 Ῥωμαίων

124 1373 159 1417 τε
186 1347 242 1415 καλ
262 1345 435 1434 Ἀλβανῶν
468 1351 503 1417 οῖ
527 1347 698 1436 κράτιστοι
729 1347 893 1436 παρόντες
920 1346 1137 1438 ἀμφοτέροις)
1153 1365 1180 1408 1⁰

125 1452 246 1542 μικρὸν
278 1452 423 1542 έπισχῶν
457 1451 474 1523 ό
509 1453 636 1535 Τύλλος
667 1456 769 1540 λέγει·
805 1452 853 1523 Τά
880 1453 943 1541 μὲν
970 1453 1055 1524 ἀλλα
1084 1454 1139 1544 ὀρ-

124 1565 198 1642 θῶς
229 1563 480 1648 ἐπιλελογίσθαι
512 1587 570 1648 μοι
602 1563 727 1647 δοκεῖς,
760 1553 787 1630 ῶ
817 1563 1016 1650 Φουφέττιε·
1052 1572 1139 1630 θαυ-

125 1665 233 1756 μαστὴ
263 1668 329 1756 γάρ
360 1695 411 1748 τις
437 1665 459 1756 ἡ
486 1665 549 1755 τὴν
582 1667 743 1738 οὐδέποτε
776 1672 954 1756 συμβᾶσαν
988 1665 1139 1755 ὁμοιογέ-

124 1797 221 1844 νειαν
248 1775 285 1843 έν
312 1771 519 1863 ἀμφοτέραις
546 1788 619 1856 ταῖς
646 1774 785 1844 πόλεσιν
814 1775 867 1842 ἐπὶ
894 1778 954 1862 τῆς
980 1771 1141 1861 ἡμετέρας

124 1885 242 1969 γενεᾶς
274 1882 471 1967 ἐξενέγκασα
507 1880 604 1968 τύχη·
646 1884 684 1949 ἓν
717 1881 748 1950 δ’
784 1880 923 1967 ἀγνοεῖν
961 1884 1087 1966 ἔοικας,
1120 1876 1180 1948 διε

124 1987 233 2057 πολὺν
260 1988 394 2075 παρέξει
425 1999 496 2068 τοῖς
527 1992 718 2068 νεανίσκοις
749 1986 869 2074 ὄκνον,
902 1985 961 2056 ἐὰν
994 1984 1139 2074 ἀξιῶμεν

125 2092 248 2174 αὐτούς
270 2092 429 2182 ἀλλήλοις
451 2107 573 2184 χωρεῖν
602 2092 659 2162 διά
689 2093 804 2182 μάχης.
849 2090 870 2181 ἡ
893 2092 958 2181 γὰρ
976 2091 1180 2182 Ὁρατίων2

126 2201 233 2288 μήτηρ
260 2204 329 2269 τῶν
357 2197 528 2288 ἡμετέρων
560 2197 690 2288 ἀδελφὴ
716 2204 775 2287 τῆς
802 2204 982 2289 Κορατίων
1016 2198 1140 2287 μητρός

126 2309 196 2376 ἐστι
214 2311 283 2379 τῶν
304 2304 488 2393 Ἀλβανῶν,
505 2305 561 2372 καὶ
578 2306 764 2389 τέθραπται
781 2303 822 2374 τά
841 2305 995 2395 μειράκια
1015 2306 1052 2374 έν
1070 2317 1141 2384 τοῖς

125 2413 326 2502 ἀμφοτέρων
354 2414 423 2479 τῶν
445 2413 618 2497 γυναικῶν
640 2409 778 2490 κόλποις
800 2408 1007 2493 ἀσπάζονταί
1032 2408 1062 2480 τ’
1083 2409 1140 2479 ἀλ-
1154 2435 1182 2476 ευ

125 2519 250 2608 ληλονς
285 2518 341 2586 καὶ
378 2520 539 2604 φιλοῦσιν
577 2513 638 2604 οὐχ
674 2508 776 2604 ἦττον
813 2513 833 2604 ἢ
867 2518 1029 2604 <πολλολ>
1060 2516 1141 2598 τοὺς

71 2643 125 2696 44⁷
132 2627 261 2696 ἑαυτῶν
288 2621 467 2712 ἀδελφούς.
523 2621 587 2711 ὅρα
621 2622 663 2710 δὴ
700 2622 745 2711 μή
777 2647 857 2692 ποτε
890 2621 964 2693 οὐδ’
995 2622 1092 2694 ὅσιον
1119 2615 1141 2712 ᾖ

124 2732 258 2812 τούτοις
285 2729 490 2800 ἀναδιδόναι
519 2729 560 2798 τὰ
591 2730 677 2799 όπλα
705 2731 762 2799 καὶ
790 2739 906 2800 καλεῖν
936 2728 1059 2811 αὐτοὺς
1088 2731 1141 2799 ἐπὶ

126 2836 186 2908 τὸν
215 2835 286 2906 κατ’
316 2834 472 2924 ἀλλήλων
502 2835 614 2924 φόνον
646 2835 808 2920 ἀνεψιοὺς
838 2838 894 2906 καὶ
927 2836 1142 2924 συντρόφους

127 2943 237 3024 ὄντας.
272 2941 310 3012 τὸ
324 2940 389 3030 γὰρ
404 2941 569 3030 ἐμφύλιον
583 2940 676 3029 ἀγος,
690 2942 750 3012 έάν
764 2942 1027 3031 ἀναγκασθῶσιν
1041 2940 1140 3028 ἀλλη-
1154 2962 1181 3004 ει

126 3060 208 3132 λονς
231 3059 438 3138 μιαιφονεῖν,
462 3052 510 3129 είς
532 3045 618 3136 ἡμᾶς
646 3047 814 3118 ἐλεύσεται
836 3047 915 3129 τοὺς
938 3045 1142 3134 ἀναγκάζον·
1161 3044 1182 3110 3

193 3231 351 3370 νέφθακε
370 3280 394 3335 Β
413 3275 526 3362 ἔφθασε
545 3279 571 3333 Β
637 3277 730 3334 σνῶν
747 3275 879 3332 BomR
943 3283 974 3332 11
994 3272 1143 3340 τύλλιοςΔ

128 3358 162 3406 17
187 3348 322 3438 όρατίων
331 3351 384 3404 AB
408 3349 500 3405 etsie
524 3363 608 3438 saepe
690 3347 790 3418 21*η
776 3342 884 3403 πότε
911 3343 1007 3402 αύτῶν
1030 3347 1054 3402 Β
1077 3345 1143 3411 τοὺς

128 3419 239 3479 έαυτῶν
252 3414 322 3491 R,
305 3419 449 3508 ηέτεροι
453 3419 499 3476 vel
518 3415 596 3474 ἄλλοι
614 3415 682 3483 τούς
700 3437 722 3476 ο.
737 3419 840 3476 Reiske
912 3423 946 3474 22
961 3412 1144 3489 ἀδελφούςΒ

127 3489 268 3565 ἀνεψιούς
281 3442 323 3548 ’Βη
324 3494 329 3562 Ι
346 3486 411 3547 τύδ’
432 3483 511 3546 όσιον
529 3490 552 3544 Β
572 3485 624 3561 οόχ
643 3508 722 3546 οσιον
739 3491 765 3546 Β
