2682 3982
580 195 743 250 —B-

157 357 193 424 ἐκ
215 358 274 442 τῆς
299 353 428 434 πόλεως
454 351 597 434 ἅπαντες
624 351 692 441 ἅμα
719 355 765 447 τςό
793 353 854 424 τὸν
886 353 1007 424 Τάτιον
1038 353 1168 426 άποθα-

155 462 244 550 νεῖν)
272 462 327 530 καί
354 465 422 530 τῶν
446 465 683 532 Λαουινιατῶν
710 458 789 541 τούς
817 459 1004 542 συστάντας
1031 463 1084 532 ἐπὶ
1106 461 1167 532 τόν

160 567 282 638 Τάτιον
320 573 521 660 δικαστηρίῳ
559 565 732 655 παραδούς
768 569 972 648 ἐκδοθέντας
1007 564 1072 636 ύπὸ
1109 573 1169 656 τῆς

125 729 129 738 .
155 675 297 760 πόλεως,
328 673 441 770 ἐπειδὴ
472 674 663 762 δικαιότερα
694 672 839 744 ἐδόκουν
868 675 979 760 λέγειν
1006 671 1048 744 τὰ
1074 680 1169 762 βίαια

155 779 424 869 τιμωρησάμενοι
441 794 512 861 τοῖς
530 786 663 870 βιαίοις,
677 777 821 850 άπέλυσε
839 783 898 868 τῆς
917 785 1032 860 αἰτίας.
1064 784 1168 851 ταῦτα
1183 831 1196 871 ,

157 887 423 976 διαπραξάμενος
451 889 504 958 ἐπὶ
532 886 594 976 τὴν
615 892 813 975 Φιδηναίων
844 885 1041 975 ἐστράτευσε
1067 885 1168 956 πόλιν

156 992 222 1064 άπὸ
244 993 487 1082 τετταράκοντα
515 999 662 1064 σταδίων
690 997 749 1081 τῆς
766 990 894 1082 Ῥάμης
914 995 1090 1081 κειμένην,
1113 1019 1168 1080 με-

156 1101 263 1188 γάλην
290 1129 325 1170 τε
351 1103 409 1170 καὶ
435 1099 709 1188 πολυάνθρωπον
737 1093 844 1170 οὖσαν
872 1097 956 1170 τότε.
1001 1096 1169 1187 ἀγομένης

155 1207 221 1298 γὰρ
249 1213 297 1289 είς
323 1206 385 1296 τὴν
403 1205 534 1298 Ῥώμην
562 1205 687 1295 άγορᾶς
719 1209 756 1278 ἐν
785 1205 928 1294 σκάφαις
954 1219 1169 1294 ποταμηγοῖς,
1209 1201 1211 1204 ’

155 1311 200 1404 ἣν
223 1323 514 1406 Κρουστομερῖνοι
541 1315 747 1401 πιεζομένοις
775 1311 841 1384 ὑπὸ
870 1316 970 1400 λιμοῦ
993 1311 1169 1399 Ῥωμαίοις
1183 1337 1209 1376 ιο

156 1420 368 1507 ἀπέστειλαν,
398 1419 565 1509 ὠσάμενοι
596 1419 679 1490 κατὰ
710 1424 842 1508 πλῆθος
874 1420 926 1488 ἐπὶ
953 1417 1012 1499 τὰς
1039 1417 1170 1506 σκάφας
1273 1433 1276 1438 “

102 1533 198 1598 348οί
221 1533 402 1617 Φιδηναῖοι
424 1527 487 1615 τήν
510 1555 544 1596 τε
568 1525 697 1613 άγορόιν
722 1525 911 1616 διήρπασαν
939 1527 994 1594 καὶ
1016 1528 1086 1594 τῶν
1109 1521 1167 1592 άν-

155 1635 307 1724 θρύπων
342 1633 436 1714 τινάς
471 1637 540 1704 τῶν
577 1632 857 1720 ἐπιβοηθούντων
889 1629 1088 1700 ἀπέκτειναν
1120 1635 1169 1698 al·

156 1741 318 1830 τούμενοί
341 1769 376 1810 τε
404 1746 499 1822 δίκας
527 1739 588 1828 ούχ
614 1737 762 1826 ὑπεῖχον.
813 1736 866 1824 ἐφ’
894 1731 944 1818 οἷς
971 1735 1204 1822 ἄγαναιιτῶνθ

157 1845 175 1918 ὁ
203 1846 372 1937 Ῥωμύλος
404 1850 561 1935 ἐνέβαλεν
594 1852 641 1927 είς
671 1844 733 1933 τὴν
765 1844 879 1933 χώραν
916 1840 1029 1912 αύτῶν
1060 1845 1167 1930 πολλῇ
1181 1866 1209 1908 ιε

157 1959 295 2045 στρατιᾷ
317 1956 372 2024 καὶ
395 1953 578 2043 γενόμενος
605 1952 767 2042 ἀφθόνου
790 1958 881 2032 λείας
904 1942 1064 2040 ἐγκρατὴς
1086 1945 1169 2016 άπά-

156 2087 229 2147 γειυ
259 2061 321 2149 μὲν
351 2061 609 2148 παρεσκευάζετο
639 2059 701 2148 τὴν
729 2059 892 2147 δύναμιν,
920 2054 1170 2139 ἐπεξελθόντων

158 2167 195 2236 δδ
230 2171 300 2238 τεόν
336 2171 532 2254 Φιδηναίων
570 2167 730 2236 συνάπτει
771 2163 856 2255 πρὸς
874 2161 1015 2262 αύτούς
1051 2162 1169 2252 μάχην.

156 2279 320 2364 καρτεροῦ
351 2275 389 2344 δέ
419 2272 552 2360 άγύνος
579 2276 767 2361 γενομένου
795 2273 851 2342 καὶ
883 2275 1018 2342 πολλῶν
1049 2267 1169 2340 πεσόν-

156 2408 224 2450 των
248 2379 306 2469 άφ’
333 2382 498 2470 ἑκατέρων
525 2376 732 2468 ἡσσηθέντες
759 2383 795 2446 οί
824 2383 1003 2466 Φιδηναῖοι
1030 2378 1167 2466 τρέπον-
1183 2408 1209 2450 ιο

156 2515 211 2556 ται
233 2485 317 2576 πρὸς
339 2486 466 2574 φυγήν,
490 2484 508 2556 ό
533 2484 564 2554 δ’
587 2489 622 2556 ἐκ
640 2484 745 2566 ποδὸς
763 2487 1032 2554 συνακολουθῶν
1056 2481 1170 2564 αύτοῖς

157 2599 387 2662 συνεισπίπτει
413 2607 485 2674 τοῖς
512 2592 700 2680 φεύγουσιν
728 2597 775 2673 είς
802 2591 839 2660 τὸ
863 2605 978 2680 τεῖχος.
1024 2589 1210 2677 ἃλούσης4

158 2699 197 2768 δὲ
223 2703 282 2788 τῆς
312 2699 441 2780 πόλεως
473 2703 506 2782 ἐξ
533 2699 663 2788 ἐφόδου
695 2699 969 2789 τιμωρησάμενος
996 2701 1029 2780 ἐξ
1058 2695 1170 2768 αύτεόυ

158 2804 294 2894 ὀλίγους
315 2808 370 2874 καὶ
394 2805 550 2894 φυλακὴν
575 2809 611 2875 ἐν
634 2809 674 2896 τῇ
693 2807 788 2876 πόλει
806 2811 1008 2896 τριακοσίων
1031 2802 1169 2892 ἀνδρῶν

157 2910 347 2982 καταλιπόν
378 2917 437 3001 τῆς
468 2939 503 2982 τε
535 2913 645 3002 χιόρας
677 2927 800 3004 μοῖραν
834 2910 1096 2998 ἀποτεμόμενος,
1126 2906 1170 2996 ἣν
1185 2940 1211 2982 ετ

157 3032 228 3098 τοῖς
246 3021 420 3112 σφετέροις
439 3022 574 3105 διεῖλεν,
598 3017 756 3087 άποικίαν
775 3021 909 3104 ἐποίησε
922 3015 1096 3103 Ῥωμαίων
1114 3015 1171 3082 καὶ

229 3177 503 3250 θ*λαβινιοιτῶνο
580 3185 598 3234 4
621 3176 840 3246 δικαιοτέραιΑ
916 3180 932 3230 θ
956 3169 1172 3244 τιμωρήσασθαι

158 3244 318 3318 φάσκοντες
336 3267 359 3304 ο.
374 3249 478 3306 Reiske
546 3257 562 3305 6
577 3250 754 3318 φειδηναίων
772 3249 819 3302 hic
834 3249 861 3302 et
877 3247 917 3302 εἰο
930 3245 989 3302 fere
1004 3261 1114 3315 semper
1127 3245 1149 3298 B
1166 3245 1170 3316 1

158 3315 356 3388 διεστράτευσε
375 3322 429 3375 AB
507 3327 541 3376 10
563 3318 777 3390 κρουστομέριοι
794 3317 872 3372 BbR
899 3315 1108 3388 κροστομέρειοι
1126 3315 1173 3370 Ba

159 3408 229 3446 oorr.
249 3390 404 3446 Ambrosoh
421 3393 425 3462 Ι
441 3387 605 3462 πιεζόμενοι
623 3391 669 3446 Ba
724 3397 758 3447 14
776 3384 940 3463 ύπεῖ<κ>ον
958 3389 980 3441 Β
1035 3392 1069 3442 26
1088 3381 1171 3442 ἀποι-

157 3463 224 3517 κίαν
242 3463 266 3516 Β
285 3457 407 3517 ἄποικον
424 3465 450 3517 R
