2698 3982
573 226 739 280 -Α-
1144 227 1162 291 η

151 414 226 474 νης,
255 387 288 467 ἐξ
316 377 359 454 οὗ
387 386 445 467 τάς
470 413 506 455 τε
533 387 773 466 Μακεδονικὰς
800 395 937 456 καθεῖλε
967 392 1165 467 δυναστείας

150 491 307 573 καὶτοὺς
332 491 549 574 Φοινικικοὺς
569 491 774 582 κατώρθωσε
796 495 978 582 πολέμους,
1007 495 1083 577 ἐξόν
1106 521 1163 582 μοι

149 605 217 670 τῶν
240 599 390 680 ένδύξων
413 598 490 668 τινὰ
512 606 629 686 λαβεῖν
652 599 757 688 αὐτῆς
778 597 993 687 ὑποθέσεων,
1021 602 1074 670 έπλ
1100 599 1163 688 τὴν

150 705 252 776 οὐδὲν
277 711 421 794 ἔχουσαν
445 705 605 794 ἐπιφανὲς
632 704 871 794 ἀρχαιολογίαν
899 705 1068 778 ἀπέκλινα.
1116 711 1199 778 έτι2

149 812 213 901 γάρ
238 811 409 900 ἀγνοεῖται
431 812 520 900 παρά
544 827 615 893 τοῖς
632 811 793 900 Ἕλλησιν
822 812 940 900 ὀλίγου
963 819 1036 884 δεῖν
1059 818 1190 884 πάσινῡ

148 918 169 1009 ἡ
198 917 323 988 παλαιά
355 922 414 1005 τῆς
436 917 610 1007 Ῥωμαίων
642 918 770 1001 πόλεως
801 923 948 1009 ίστορία,
984 922 1040 990 καί
1069 921 1164 1004 δόξαι

148 1026 237 1106 τινες
265 1023 326 1094 ούκ
358 1023 511 1113 ἀληθείς,
543 1023 617 1094 ἀλλ’
643 1027 680 1094 έκ
706 1030 776 1095 τάν
808 1028 1034 1116 ἐπιτυχόντων
1065 1026 1164 1098 ἀκου-

150 1133 287 1221 σμάτων
313 1130 375 1220 τὴν
402 1130 512 1221 ἀρχὴν
539 1136 704 1220 λαβοῦσαι
730 1132 811 1216 τοὺς
837 1132 983 1216 πολλοὺς
1005 1135 1163 1222 ἐξηπατή-

149 1259 260 1326 κασιν,
284 1236 329 1318 ὡς
352 1236 529 1319 ἀνεστίους
551 1241 613 1326 μέν
631 1265 726 1320 τινας
743 1241 799 1308 καὶ
817 1240 987 1327 πλάνητας
1004 1242 1060 1310 καί
1083 1247 1164 1330 βαρ-

147 1347 275 1436 βάρους
302 1346 357 1413 nal
387 1344 467 1414 οὐδὲ
498 1347 639 1425 τούτους
666 1347 866 1436 ἐλευθέρους
897 1346 1043 1428 οίκιστάς
1070 1345 1162 1437 εύχο-
1177 1366 1204 1406 10

147 1455 265 1541 μένης,
290 1450 332 1520 ού
355 1449 408 1520 δι’Ι
427 1450 601 1539 εύσέβειαν
629 1453 667 1522 δὲ
694 1453 749 1521 καὶ
773 1453 994 1542 δικαιοσύνην
1022 1453 1163 1543 καλιὴν

146 1559 254 1647 ἀλλην
277 1556 399 1646 ἀρετὴν
423 1560 476 1628 ίπλ
494 1558 557 1648 τὴν
576 1557 738 1628 ἀπάντων
756 1557 940 1648 ἡγεμονίαν
964 1561 1028 1630 σὺν
1050 1561 1162 1653 χρόνῳ

146 1666 400 1753 παρελθούσης,
431 1663 517 1734 ἀλλά
554 1663 599 1734 δι’
629 1664 879 1754 αὐτοματισμόν
910 1694 987 1736 τινα
1018 1670 1074 1737 καὶ
1106 1668 1163 1738 τύ-

145 1800 210 1861 χην
234 1769 353 1841 ἀδικον
371 1776 443 1860 είκῆ
468 1759 689 1860 δωρουμένην
709 1772 749 1841 τά
768 1775 905 1860 μέγιστα
927 1777 996 1843 τῶν
1019 1773 1162 1862 ἀγαθάν

145 1893 217 1959 τοῖς
240 1876 575 1966 ἀνεπιτηδειοτάτοις·
607 1880 664 1948 καὶ
688 1883 724 1948 ολ
742 1905 780 1965 γε
803 1882 1064 1970 κακοηθέστεροι
1087 1907 1161 1950 κατ-
1176 1898 1202 1940 1⁶

93 1998 127 2048 14
146 1999 286 2075 ηγορεῑν
309 1984 451 2054 είύθασι
474 1990 533 2072 τῆς
550 1985 652 2073 τύχης
673 1984 756 2054 κατὰ
779 1985 817 2054 τὸ
837 1984 989 2072 φανερὸν
1013 1985 1058 2068 ὡς
1081 1993 1162 2074 βαρ-

147 2093 265 2182 βάρων
287 2105 358 2172 τοῖς
380 2092 622 2178 πονηροτάτοις
645 2091 685 2160 τά
707 2095 776 2162 τάν
794 2089 966 2179 Ἑλλήνων
988 2094 1161 2181 ποριζομέ-

145 2227 209 2288 νης
230 2196 355 2285 ἀγαθά.
396 2197 452 2266 καὶ
474 2204 509 2266 τί
530 2203 584 2268 δελ
603 2200 679 2286 περὶ
701 2202 769 2268 τῶν
788 2199 901 2268 ἀλλων
923 2201 1049 2286 λέγειν,
1074 2194 1196 2268 ὅπου3

144 2333 183 2394 γε
205 2306 262 2373 καί
279 2308 348 2372 τάν
368 2307 592 2391 συγγραφέων
609 2305 698 2386 τινὲς
716 2306 903 2393 ἐτόλμησαν
921 2307 959 2375 έν
977 2319 1049 2386 ταῖς
1072 2309 1161 2376 ίστο-

146 2419 235 2502 ρίαις
270 2414 375 2478 ταῦτα
410 2410 598 2500 γράψαντες
632 2420 840 2498 καταλιπεῖν,
872 2416 1046 2499 βασιλεῦσι
1082 2418 1161 2502 βαρ·
1175 2435 1202 2474 20

146 2519 266 2606 βάροις
289 2521 425 2604 μισοῦσι
447 2518 510 2607 τὴν
532 2515 728 2606 ἡγεμονίαν,
752 2512 803 2600 οίς
826 2517 1046 2599 δουλεύοντες
1064 2516 1161 2588 αὐτοὶ

146 2626 202 2694 καί
229 2623 270 2692 τά
298 2625 377 2692 καθ’
402 2622 529 2712 ἡδονάς
557 2621 753 2713 ὁμιλοῦντες
780 2627 980 2711 διετέλεσεν,
1012 2623 1089 2694 οὔτε
1112 2628 1159 2693 δι-

144 2737 243 2812 καίας
265 2729 343 2800 ούτε
365 2729 505 2818 ἀληθείς
528 2735 675 2818 ίστορίας
697 2731 923 2820 χαριζόμενοις

144 2921 430 3053 λεαθεσ
451 2922 836 3053 σεςολοίκισται
858 2943 956 3053 σεε
978 2926 1045 3052 ιθ·
1064 2927 1159 3051 θῦε·

181 3064 358 3136 λέπιφανὲς
387 3017 470 3139 εδοξε
497 3015 685 3124 τευευωΡΑα
723 3039 730 3065 ’
775 3073 790 3123 1
819 3062 889 3122 ἀλλὰ
917 3068 940 3123 Β
965 3070 968 3136 Ι
998 3015 1113 3123 ἐπ’τάν
1136 3067 1159 3121 Β

144 3156 201 3195 om.
216 3141 241 3193 A
315 3145 348 3193 10
363 3136 487 3202 οίκιστάς
507 3135 714 3208 ἕλευθέροοςΒ
731 3140 735 3207 Ι
752 3134 906 3209 εύχομένης
921 3139 969 3194 AB
1006 3134 1160 3208 εὑρομένης

145 3211 259 3280 Sauppe
289 3207 361 3280 Eph.
390 3210 465 3266 (δεδι.
495 3216 563 3266 1861
587 3228 613 3280 p.
640 3215 723 3279 1851,
756 3207 928 3280 κεκτημένης
950 3212 1000 3265 aut
1033 3205 1159 3279 έσχηκυί-
1278 3277 1280 3281 Ι

119 3319 121 3326 ·
145 3303 181 3346 ας
209 3281 260 3336 συθ
292 3280 411 3349 denique
448 3279 603 3352 δεχομένης
630 3281 733 3335 Reiske
777 3278 974 3351 παρεχομένης
1001 3280 1159 3366 Stephanus

185 3359 218 3407 13
242 3348 480 3423 <προ>ελθούσης
498 3352 521 3407 Β
603 3359 637 3406 21
659 3351 810 3426 βαρβάρων
835 3370 857 3406 ο.
873 3350 998 3421 Bernays
1014 3353 1019 3421 Ι
1034 3371 1087 3421 την
1106 3349 1159 3421 βω·

146 3419 254 3495 μαικὴν
272 3417 290 3491 ἡ
311 3425 429 3492 τμονίαν
444 3440 466 3478 ο.
481 3423 593 3490 Βεὶεεε,
608 3422 718 3478 Ritsehl
791 3429 825 3478 κθ
844 3419 879 3476 τὰ
900 3422 977 3478 delet
990 3422 1079 3480 Cobet
1093 3423 1158 3478 Oba.

143 3514 171 3566 p.
193 3501 226 3549 21
264 3441 340 3568 κάτα
358 3493 466 3564 Krfiger
484 3495 570 3548 Index
589 3511 630 3564 gr.
649 3511 690 3564 gr.
712 3499 780 3549 1811
798 3513 826 3564 p.
846 3498 906 3548 250.
