2670 3984
555 282 722 335 ..A-

54 447 59 456 '
128 430 172 526 ἦν
204 445 425 528 προτείχισμα
451 442 511 528 τῆς
542 439 646 528 άλλης
675 439 851 529 δυνάμεως
880 442 917 510 ἐν
950 442 1083 532 ἐρυμνῷ
1111 467 1146 510 τε

127 546 434 634 κατεσκευασμένος
465 552 576 638 χωρίφ
609 548 665 616 καί
696 545 759 635 τὴν
790 554 971 637 κρατίστην
1005 546 1147 634 νεότητα

132 657 320 741 Τυρρηνῶν
350 658 450 740 ἔχων,
477 644 518 741 ἧς
544 650 656 740 ἡγεῖτο
685 659 878 723 Μεσεντίου
904 667 982 735 παίς
1011 657 1147 734 Λαῦσος
1240 673 1244 680 ·

129 757 258 846 ὄνομα,
291 756 432 840 οὐδενὸς
462 762 691 848 προιδομένου
726 759 789 848 τὴν
826 765 953 849 ἔφοδον
990 762 1146 848 ιιίροῦσιν

129 863 275 947 εὐπετῶς
309 866 347 937 τὸ
385 866 552 957 ὀχύρωμα.
598 869 636 937 έν
673 858 700 962 ᾦ
733 867 771 936 δὲ
806 866 844 938 τὸ
882 873 1008 958 χωρίον
1044 869 1173 934 τοῦτον

129 969 294 1060 ἡλίσκετο,
318 979 390 1060 φῶς
411 1001 447 1044 τε
469 973 612 1062 ἀκαιρον
636 972 781 1064 ὁρῶντες
803 979 839 1044 σί
865 978 902 1044 ἐν
924 989 996 1054 τοῖς
1017 976 1146 1052 πεδίοις

129 1079 467 1168 ἐστρατοπεδευκότες
493 1082 550 1150 καλ
574 1079 661 1169 βοὴν
688 1085 757 1150 τῶν
780 1079 1023 1169 ἀπολλυμένων
1046 1077 1145 1148 ἀκοά-

130 1211 226 1266 οντες
245 1189 390 1272 ἔφευγον
409 1187 599 1268 ἐκλιπόντες
619 1185 698 1267 τοὺς
715 1185 875 1268 πεδινοὺς
892 1187 1017 1268 τόπους
1035 1188 1087 1256 ἐπὶ
1105 1181 1146 1253 τά
1164 1185 1189 1248 4

130 1291 203 1380 όρη.
249 1294 287 1361 ἐν
307 1290 345 1359 δέ
362 1290 469 1384 τοότφ
488 1291 594 1381 πολλὴ
614 1295 745 1380 ἐγένετο
763 1291 889 1382 ταραχὴ
908 1295 964 1362 καὶ
982 1292 1146 1382 θόρυβος,

130 1393 187 1467 οἷα
206 1401 244 1468 έν
263 1399 360 1467 νυκτὶ
372 1401 577 1487 κινουμένης
590 1403 756 1488 στρατιάς,
776 1397 821 1480 ὡς
840 1397 959 1468 αὐτίκα
977 1397 1066 1488 μάλα
1078 1401 1147 1467 τῶν
1158 1431 1189 1470 ιο

77 1510 305 1594 ιεσπολεμίων
329 1511 447 1593 σφίσιν
468 1507 725 1595 ἐπνθησομένων
758 1503 801 1576 οὐ
828 1504 893 1576 σὺν
921 1506 1036 1598 κόσμφ
1068 1502 1148 1574 οὐδὲ

128 1610 212 1680 κατὰ
231 1614 309 1699 τέλη
334 1610 440 1700 <την>
455 1617 572 1682 ἔλασιν
586 1614 858 1700 <ποιουμένοις>·
886 1616 921 1681 οί
938 1612 976 1682 δέ
995 1618 1147 1697 Λατῖνοι,

129 1718 246 1806 ἐπειδὴ
272 1719 312 1789 τό
340 1746 375 1788 τε
402 1718 572 1808 φρούριον
600 1723 633 1802 ἐξ
661 1719 791 1808 ἐφόδου
819 1717 1064 1806 κατειλήφεσαν
1091 1719 1147 1786 καί

128 1824 167 1894 τὸ
196 1824 279 1894 ἀλλο
309 1825 495 1916 στράτευμα
523 1830 654 1913 ἔμαθον
683 1827 945 1914 τεταραγμένον,
978 1828 1146 1894 ἐπέκειντο

129 1931 246 2013 αὐτοῖς
276 1937 462 2013 κτείνοντες
489 1933 545 2000 καλ
574 1931 761 2012 διώκοντες.
806 1935 874 2000 τῶν
903 1929 934 1998 δ’
966 1929 1027 2018 οὐχ
1057 1927 1147 2009 ὅπως
1162 1961 1191 2002 ιο

129 2066 180 2120 τις
215 2037 301 2127 πρὸς
332 2036 438 2126 ἀλκὴν
473 2040 661 2129 τραπέσθαι
693 2039 925 2126 ἐπεχείρησεν,
958 2034 1031 2105 ἀλλ’
1067 2034 1147 2104 οὐδὲ

129 2259 196 2341 βου
223 2252 280 2320 καὶ
307 2249 493 2338 ἀμηχανίας
521 2253 557 2319 οί
582 2249 644 2338 μέν
671 2248 754 2319 κατδι
782 2253 942 2339 κρημνῶν
965 2249 1148 2338 φερόμενοι

131 2363 393 2448 διεφθείροντο,
426 2361 460 2426 ολ
489 2355 525 2424 δ’
555 2361 604 2437 είς
635 2357 810 2446 φάραγγας
841 2355 1024 2440 ἀνεξόδους
1056 2359 1147 2444 έμπί

129 2490 269 2546 πτοντες
296 2462 486 2552 ἡλίσκοντο,
511 2467 545 2532 οί
567 2462 605 2532 δέ
627 2472 775 2533 πλεῖστοι
798 2462 1025 2552 ἀγνοήσαντες
1048 2461 1147 2550 άλλη·
1162 2493 1192 2533 ιο

130 2581 213 2653 λους
240 2569 306 2640 ἀνδι
329 2569 367 2639 τὸ
395 2569 514 2650 σκότος
542 2567 606 2638 ὅσα
628 2574 809 2657 πολεμίους
836 2573 1017 2657 διέθεσαν,
1044 2572 1100 2640 καὶ
1129 2567 1146 2638 ὁ

206 2827 219 2874 1
241 2815 273 2875 ἐν
293 2819 314 2874 Β
333 2837 387 2874 om.
406 2821 432 2874 R
504 2825 520 2874 2
539 2817 805 2905 κατασκευασμένος
823 2819 846 2873 Β
918 2826 936 2874 4
957 2815 1148 2890 προιδομένου

129 2891 178 2948 Ba
196 2891 320 2962 Sylburg
336 2889 542 2962 προτιθεμένου
555 2891 581 2944 R
635 2887 763 2962 ὅόενμα
785 2892 811 2945 Δ
865 2888 1026 2960 8ἐφευγον
1045 2889 1147 2944 Βκδό.

130 2963 162 3018 in
184 2979 238 3033 mg
272 2964 276 3029 λ
315 2957 478 3024 ἐκλιπόντες
501 2979 556 3017 om.
575 2961 611 3032 B,
644 2961 694 3016 sed
720 2964 788 3032 post
811 2956 917 3023 τόπους
943 2977 1027 3032 supra
1053 2959 1147 3028 script.

130 3028 323 3095 ἀπολιπόντες
341 3033 388 3088 Bb
417 3035 421 3100 Ι
443 3026 597 3094 τανιειννός
615 3032 641 3086 Α
713 3039 748 3087 10
770 3032 820 3102 τῆς
845 3032 975 3100 στρατιάς
998 3049 1021 3086 ο.
1043 3029 1148 3085 Moutz·

130 3119 182 3160 ner
209 3102 281 3158 Anu.
313 3104 383 3174 phil.
412 3109 480 3160 1877
513 3122 540 3174 p.
564 3109 616 3159 828
651 3105 655 3172 Ι
689 3098 764 3172 μάλα
791 3104 892 3161 om.B
983 3107 1016 3156 12
1044 3097 1096 3170 τὴν
1119 3101 1151 3156 et

129 3194 216 3230 ποιου
239 3174 315 3238 ε’νοις
332 3175 396 3230 αδδ.
415 3175 560 3231 Meutzner
577 3175 597 3228 l.
615 3174 635 3228 l.
669 3171 764 3230 ἔλασιν
783 3176 809 3230 Α
842 3172 940 3230 ἕλωσιν
958 3173 1003 3228 Ba
1036 3166 1149 3226 ἐλάσειν

129 3247 179 3302 Bb
223 3241 377 3301 λαάνουσιν
395 3246 502 3315 Kayser
519 3247 590 3302 Ann.
610 3244 679 3315 phil.
696 3250 765 3302 1863
779 3265 807 3316 p.
822 3253 838 3302 6
871 3239 943 3298 κατά
963 3243 1028 3311 τέλη
1043 3237 1104 3305 ίλάς
1117 3261 1147 3297 τε

129 3316 249 3388 Madvig
267 3316 367 3372 ἀδελ
384 3335 412 3388 p.
433 3314 551 3389 7261ολ
566 3313 599 3372 δὲ
620 3311 732 3400 ἐλάσειν
749 3317 773 3372 Β
846 3322 878 3371 17
898 3311 941 3377 οἷς
958 3305 1031 3383 ἦσαν
1049 3319 1150 3376 κακοῖς

129 3405 178 3460 Bb
211 3401 254 3467 ιιι
271 3395 425 3494 ηἰμιιιις
442 3407 489 3461 Ba
507 3402 549 3468 ας
567 3409 667 3466 moze
685 3390 722 3476 ἦν
739 3405 765 3459 A
787 3405 867 3490 ποτε,
880 3421 904 3459 ι.
922 3402 1024 3458 Βεεαω
1054 3403 1058 3472 ι
1084 3397 1149 3490 ξιι-

129 3495 201 3532 νατο
219 3477 246 3530 R
267 3479 412 3546 ηδνναντο
430 3475 575 3532 Meutzner
591 3477 611 3530 l.
622 3476 642 3532 1.
707 3482 740 3530 19
761 3473 801 3539 είς
820 3471 938 3542 ἐξοδους
956 3469 1010 3530 οόκ
1029 3469 1151 3545 ἐχουσας

130 3543 283 3619 φάραγγας
301 3549 324 3602 Β
396 3554 429 3603 21
450 3543 565 3604 όπόσα7
580 3549 585 3617 Ι
601 3550 745 3619 πολεμίοις
761 3547 787 3600 A
