2670 3984
532 269 695 323 ..Β-

102 429 239 494 πολλῶν
255 428 360 508 ξένων
375 432 423 508 είς
441 426 503 516 τὴν
518 427 638 517 ἑορτὴν
652 431 808 514 γυναιξὶν
823 428 891 517 ἅμα
909 431 964 498 καὶ
979 431 1118 516 τέκνοις,

103 531 217 619 ἐπειδὴ
249 533 308 614 τάς
339 560 374 603 τε
406 539 531 615 θυσίας
563 537 730 604 ἐπετέλεσε
765 539 810 628 τῷ
840 539 1033 604 Ποσειδῶνι
1063 538 1118 606 καλ

103 639 183 721 τούς
205 639 354 727 ἀγῶνας,
377 645 416 730 τῇ
440 647 612 732 τελευταίᾳ
634 645 702 710 τῶν
725 641 875 732 ἡμερῶν,
898 633 919 732 ᾗ
944 642 1118 712 διαλύσειν

105 752 220 834 ἔμελλε
238 745 300 836 τὴν
323 747 527 836 πανήγυριν,
546 749 762 838 παράγγελμα
784 753 905 818 δίδωσι
926 764 996 830 τοῖς
1017 750 1118 835 νέοις,

104 851 192 940 ἡνίκ’
218 850 262 922 άν
286 853 387 936 αύτδς
409 854 474 943 άρη
497 854 534 925 τὸ
560 870 699 944 σημείου
723 853 881 945 ἁρπάζειν
911 855 969 936 τὰς
992 855 1117 944 παρού-
1144 884 1157 926 ι

103 979 164 1040 σας
186 961 240 1028 ἐπὶ
262 959 324 1048 τὴν
342 963 429 1030 θέαν
448 964 653 1048 παρθένους,
678 956 730 1042 αἶς
753 957 796 1032 &v
820 963 1020 1051 ἐπιτύχωσιν
1045 964 1117 1030 ἕκα-
1179 1029 1182 1038 ,

103 1085 192 1154 στοι,
215 1068 271 1136 καὶ
295 1067 476 1155 φυλάττειν
500 1065 605 1155 διγνδις
628 1071 759 1156 ἐκείνην
782 1067 845 1158 τὴν
875 1070 995 1156 νύκτα,
1018 1073 1057 1158 τῇ
1083 1067 1114 1136 δ’

103 1175 177 1261 ἑξῆς
201 1171 307 1264 ἡμέρᾳ
330 1173 415 1265 πρὸς
439 1173 560 1244 ἑαυτὸν
584 1173 690 1262 άγειν.
737 1179 772 1244 οί
793 1177 854 1264 μὲν
883 1174 924 1264 δὴ
948 1177 1020 1245 νέοι
1045 1179 1116 1244 δια·
1136 1175 1156 1242 5

102 1279 241 1362 στάντες
267 1280 349 1350 κατά
378 1281 584 1371 συστροφάς,
614 1281 728 1370 ἐπειδὴ
755 1281 793 1352 τὸ
824 1281 984 1371 σύνθημα
1008 1279 1116 1372 άρθδν

6 1399 8 1402 ’
102 1383 197 1456 εἶδον
228 1391 406 1476 τρέπονται
437 1387 522 1476 πρὸς
553 1387 615 1476 τὴν
643 1393 711 1458 τῶν
738 1391 921 1480 παρθένων
949 1387 1116 1478 ἁρπαγήν,
1131 1417 1157 1458 ιο

101 1491 227 1583 ταραχὴ
253 1495 290 1564 δὲ
312 1499 380 1565 τῶν
404 1496 510 1576 ξένων
534 1494 641 1576 εὐθὺς
659 1499 789 1583 ἐγένετο
808 1497 864 1564 καὶ
888 1495 979 1584 φυγη
1003 1495 1116 1584 μεῖζόν

46 1616 138 1668 εοιτι
161 1599 265 1670 κακὸν
288 1599 530 1690 ὑφορωμένων.
571 1607 610 1692 τῇ
641 1601 672 1670 δ’
699 1604 772 1690 ἑξῆς
799 1600 906 1694 ἡμέρᾳ
935 1613 1116 1690 προαχθει-

102 1711 173 1775 σῶν
205 1712 274 1777 τάν
306 1711 505 1798 παρθένων,
542 1709 874 1798 παραμυθησάμενος
910 1706 1021 1777 αὐτῶν
1054 1708 1115 1797 τὴν

101 1811 254 1906 ἀθυμίαν
279 1812 296 1883 6
316 1813 499 1903 Ῥωμύλος,
531 1814 575 1896 ὡς
599 1815 660 1884 ούκ
684 1814 737 1903 ἐφ’
763 1813 860 1904 ὕβρει
883 1819 942 1902 τῆς
965 1813 1116 1903 ἁρπαγῆς

101 1918 174 1988 ἀλλ’
201 1923 253 1990 ἐπὶ
276 1921 371 2014 γάμῳ
395 1925 588 2010 γενομένης,
606 1921 805 2010 Ἑλληνικόν
832 1949 868 1990 τε
894 1923 950 1990 καὶ
973 1919 1115 2011 άρχαίον
1130 1947 1155 1988 ιε

101 2025 303 2115 ἀποφαίνων
326 2027 363 2097 τὸ
389 2035 469 2110 ἔθος
490 2031 546 2098 καὶ
569 2029 704 2118 τρόπων
728 2027 933 2117 συμπάντων
956 2027 1035 2096 καθ’
1056 2024 1116 2108 οὓς

100 2135 327 2205 συνάπτονται
346 2135 449 2223 γάμοι
467 2149 538 2216 ταῖς
557 2137 713 2222 γυναιξὶν
728 2136 1004 2222 ἐπιφανέστατον,
1018 2131 1115 2220 ἠξίου

100 2245 253 2329 στέργειν
276 2239 355 2321 τοὺς
369 2243 536 2320 δοθέντας
555 2240 670 2322 αύταίς
690 2239 818 2330 άνδρας
835 2238 901 2310 ὑπὸ
924 2245 983 2327 τῆς
1000 2240 1114 2328 τύχης·

98 2349 154 2416 καὶ
179 2347 259 2436 μετά
286 2352 386 2418 τοῦτο
416 2346 644 2437 διαριθμήσας
670 2347 728 2428 τὰς
754 2347 857 2437 κόρας
885 2345 1057 2430 ἑξακοσίας
1079 2343 1154 2417 τε6

98 2457 155 2523 καὶ
179 2453 387 2542 ὀγδοήκοντα
410 2457 467 2524 καί
488 2470 577 2544 τρεῖς
600 2452 795 2542 εὑρεθείσας
817 2455 989 2536 κατέλεξεν
1013 2447 1115 2536 αὖθις
1129 2475 1154 2515 ²0

100 2566 136 2631 ἐκ
158 2567 227 2632 τῶν
251 2560 390 2650 άγάμων
410 2561 539 2650 άνδρας
562 2567 777 2650 ίσαρίθμους,
802 2555 852 2641 οἷς
870 2559 972 2640 αὐτάς
991 2561 1114 2648 συνήρ-

99 2696 197 2756 μοττε
234 2667 316 2738 κατὰ
352 2667 431 2750 τοὺς
470 2673 631 2756 πατρίους
673 2667 811 2755 ἑκάστης
847 2667 1023 2756 ἐθισμούς,
1062 2668 1114 2736 ἐπὶ

98 2781 263 2866 κοινωνίᾳ
285 2773 392 2863 πυρὸς
413 2777 469 2843 καὶ
491 2773 616 2856 ύδατος
646 2777 777 2862 ἐγγυῶν
800 2773 879 2854 τούς
901 2773 1045 2862 γάμους,
1070 2771 1115 2853 ὡς

97 2884 155 2950 καὶ
178 2885 274 2970 μέχρι
297 2885 365 2950 τῶν
388 2879 468 2949 καθ’
495 2879 583 2969 ἡμᾶς
606 2884 834 2950 ἐπιτελοῦνται
858 2880 1001 2968 χρόνων.
1100 2887 1105 2898 ’

188 2991 307 3056 ΧΧΧΙ.
349 2992 459 3056 Ταῦτα
488 2987 526 3056 δὲ
549 2989 708 3074 γενέσθαι
735 2986 824 3066 τινες
852 2986 914 3074 μὲν
942 2985 1112 3072 γράφουσι
1127 3003 1153 3046 25

95 3093 181 3163 κατδι
199 3094 259 3163 τὸν
278 3098 412 3184 πρῶτον
427 3092 585 3162 ἐνιαυτὸν
603 3091 844 3180 τῇςῬωμύλου
860 3090 974 3179 ἀρχῆς,
990 3095 1113 3170 Γναίος

170 3306 352 3364 θέκετέλεσε
372 3310 395 3362 Β
414 3303 522 3363 ἐτέλεσε
542 3309 567 3361 R
648 3313 664 3362 5
683 3309 749 3393 ριίρη
766 3307 873 3360 Assa
914 3311 929 3360 6
948 3302 1113 3373 παρθένους

98 3375 146 3434 ε’πὶ
164 3376 217 3448 τὴν
235 3379 312 3436 θεαν
331 3381 353 3433 Β
427 3387 442 3435 8
463 3375 604 3435 ἕαυτόνΒ
623 3374 712 3433 αύτὸν
731 3380 756 3432 R
830 3383 861 3430 11
883 3371 996 3444 ἐγένετο
1015 3377 1038 3429 Β
1058 3372 1112 3460 ἐγί-

96 3453 206 3506 νετοΒ
280 3459 314 3506 14
333 3446 373 3514 ὣς
395 3468 448 3506 om.
468 3450 494 3503 A
558 3457 605 3550 '15
629 3445 709 3522 γάμῳ
733 3444 870 3518 γυναικὸς
893 3447 915 3500 Β
1000 3453 1032 3502 16
1051 3442 1112 3516 τρό-
