2698 3982
174 229 216 296 86
599 232 766 286 -A-

173 389 235 478 μὲν
274 388 348 459 οὐδ’
388 393 504 460 ἐλθεῖν
536 395 678 459 Αἰνείαν
715 393 822 478 φασὶν
859 396 907 472 εἰς
939 390 1083 460 Ἰταλίαν
1119 390 1189 480 ἅμα

177 503 325 584 Τρωσίν,
350 501 385 566 οί
406 495 437 564 δ’
464 499 579 584 ἕτερον
602 502 760 583 Αἰνείαν,
785 495 826 564 οὐ
852 495 913 566 τὸν
937 499 970 579 ἐξ
990 495 1192 586 Ἀφροδίτης

172 604 229 671 καί
248 602 404 692 Ἀγχίσου
426 602 625 691 γενόμενον,
649 608 684 672 οί
705 602 737 670 δ’
760 602 938 672 Ἀσκάνιον
955 602 1017 674 τὸν
1036 609 1189 691 Αἰνείου,

174 712 210 778 οί
239 709 271 778 δ’
306 710 430 791 ἄλλους
460 710 564 790 τινάς.
609 712 675 779 εἰσὶ
708 709 739 778 δ’
774 717 811 778 οἳ
838 709 899 780 τὸν
931 714 964 794 ἐξ
990 709 1190 801 Ἀιγροδίτης

146 821 315 886 ῠΑἰνείαυ
337 819 475 904 λέγουσι
497 817 750 904 καταστήσαντα
767 816 829 887 τόν
851 818 955 904 λόχον
978 822 1026 898 εἰς
1045 816 1188 886 Ἰταλίαν

172 920 446 1010 ἀνακομισθῆναι
467 922 570 992 πάλιν
590 927 705 992 οίκαδε
717 925 775 992 καὶ
796 928 993 1010 βασιλεῦσαι
1015 928 1075 1011 τής
1093 930 1189 1010 Τροί-

175 1055 232 1115 ας,
253 1033 460 1098 τελευτῶντα
488 1029 526 1097 δὲ
548 1038 743 1098 καταλιπεῖν
763 1028 925 1121 Ἀσκανίῳ
947 1034 992 1122 τῷ
1015 1032 1112 1099 παιδὶ
1125 1029 1188 1118 τήν

172 1141 368 1222 βασιλείαν,
399 1137 455 1204 καὶ
486 1133 524 1204 τὸ
557 1135 618 1204 ἀπ’
654 1139 786 1204 ἐκείνου
817 1139 916 1222 γένος
947 1137 1000 1206 ἰπί
1030 1145 1189 1206 πλεῖστον

47 1227 51 1236 ’
171 1255 357 1351 κατασχεῖν·
371 1239 433 1328 τήν
457 1239 583 1331 ἀρχήν·
616 1239 662 1322 ὡς
683 1242 746 1330 μὲν
773 1239 838 1328 ἐγω
861 1241 978 1324 εἰκάζω
1004 1258 1075 1323 τοῖς
1092 1241 1189 1331 Ὁμή-

133 1368 160 1406 10
173 1375 237 1438 ρου
261 1353 374 1416 ἔπεσιν
398 1346 462 1418 οὐκ
483 1347 597 1438 ὀρθῶς
619 1351 889 1436 λαμβανομένοις
910 1352 1189 1438 παρακρουσθέν-

132 1454 233 1534 5τες.
268 1460 444 1542 πεποίηται
466 1453 530 1542 γάρ
555 1454 644 1547 αὐτῷ
669 1458 706 1524 ἐν
727 1454 844 1524 Ἰλιάδι
868 1459 1047 1524 Ποσειδῶν
1069 1459 1189 1544 προλέ·

172 1587 244 1646 γων
274 1558 337 1648 τήν
369 1564 560 1648 μέλλουσαν
592 1568 731 1630 ἔσεσθαι
762 1562 839 1650 περὶ
869 1560 930 1630 τὸν
958 1567 1100 1632 Αἰνείαν
1133 1564 1190 1632 καὶ

87 1665 90 1670 ’
171 1665 250 1746 τοὺς
273 1669 306 1750 ἐξ
330 1669 462 1736 ἐκείνου
484 1671 734 1756 γενησομένους
756 1667 957 1755 ἐπιφάνειαν
981 1660 1050 1739 ὦδί
1070 1691 1158 1750 πως·
1190 1688 1244 1738 137

238 1796 304 1860 νῦν
329 1791 367 1861 δὲ
390 1790 433 1879 δή
456 1797 596 1862 Αἰνείαο
619 1799 677 1881 βίη
705 1793 876 1880 Τρώεσσιν
899 1791 1014 1875 ἀνάξει

133 1925 158 1966 ιο
238 1900 294 1966 καί
316 1904 433 1980 παῖδες
454 1904 598 1986 παίδων,
620 1907 677 1968 τοί
694 1927 754 1969 κεν
778 1900 960 1988 μετόπισθε
982 1901 1157 1987 γένωνται.

172 2019 401 2110 ὑπολαβόντες
429 2016 493 2093 οὖν
520 2023 581 2093 τὸν
600 2022 751 2112 ’Όμηρον
779 2027 816 2092 ἐν
842 2029 976 2114 Φρυγίᾳ
1007 2025 1190 2094 δυναστεύ-

173 2155 274 2212 οντας
296 2134 423 2200 εἰδέναι
441 2129 520 2210 τοὺς
534 2131 677 2218 ἀνδρας,
702 2129 747 2210 ὡς
762 2129 804 2217 δή
820 2129 861 2199 οὐ
886 2130 1035 2200 δυνατὸν
1049 2127 1135 2220 <ὂν>
1151 2134 1188 2200 ἐν

169 2235 292 2328 Ἰταλία
316 2242 492 2316 οἰκοῦντας
514 2235 706 2322 βασιλεύειν
732 2235 869 2324 Τριόων,
891 2237 953 2324 τήν
977 2235 1188 2324 ἀνακομιδήν

170 2345 233 2411 τοῦ
262 2348 404 2411 Αἰνείου
433 2340 635 2411 ἀνέπλασαν.
680 2341 797 2431 ἄρχειν
827 2341 865 2410 δὲ
895 2341 937 2430 δή
968 2347 1036 2412 τῶν
1063 2343 1189 2432 Τρώων

132 2475 160 2515 νο
174 2445 233 2528 οὓς
256 2447 395 2535 ἐπήγετο
418 2450 474 2516 καί
497 2447 621 2516 άλλοθι
643 2451 913 2536 πολιτευομένων
934 2446 996 2517 οὐκ
1018 2447 1190 2519 ἀδύνατον

171 2545 216 2642 ήν
226 2544 236 2592 ·’
266 2560 336 2642 ἔχοι
356 2552 387 2621 δ’
409 2553 452 2623 ἀν
466 2582 517 2636 τις
530 2560 589 2642 τής
602 2553 728 2642 ἀπάτης
741 2555 797 2623 καί
812 2557 925 2644 ἑτέρας
938 2559 1046 2635 αἰτίας
1064 2561 1190 2642 λαβεῖν.

261 2663 364 2729 LIHI.
388 2665 434 2728 Εί
451 2663 492 2729 δέ
511 2687 606 2740 τινας
623 2661 777 2748 ταράττει
798 2660 837 2730 τὸ
856 2665 1005 2750 πολλαχῇ
1029 2664 1194 2748 λέγεσθαί

170 2793 207 2836 τε
236 2768 293 2835 καὶ
324 2770 525 2836 δείκνυσθαι
555 2767 684 2854 τάφους
713 2772 856 2836 Αἰνείου
885 2765 1061 2855 ἀμηχάνου
1092 2767 1191 2849 όντος

172 2875 210 2942 ἐν
232 2878 363 2942 πλείοσι
384 2872 446 2942 τὸν
475 2872 579 2942 αὐτὸν
601 2873 777 2962 τεθάφθαι
799 2879 950 2961 χωρίοις,
973 2877 1190 2962 ἐνθυμηθέν-

133 3003 226 3061 νοτες
249 2979 301 3050 ότι
323 2980 442 3050 κοινόν
466 2983 557 3050 ἐστιν
581 2981 634 3050 ἐπὶ
656 2984 792 3048 πολλῶν
814 2979 915 3048 τοῦτό
938 3007 976 3066 γε
997 2980 1035 3050 τδ
1059 2979 1190 3068 ἀπορου

184 3209 192 3230 ,
247 3149 261 3195 1
286 3137 327 3202 εἰς
348 3135 467 3227 Ἰταλίαν
495 3139 584 3209 φασίν
610 3141 634 3194 Β
680 3209 687 3230 ἢ
724 3145 740 3193 2
769 3135 925 3228 ἀφροδίτης
953 3139 1003 3194 κοιλ
1030 3136 1190 3210 ἀγχίσουΒ

174 3215 292 3338 και
307 3211 726 3345 ιίιιυυλαδλ
745 3218 796 3335 3⁵
815 3211 1053 3338 ἀναξία
1066 3210 1191 3340 αλλ

173 3356 282 3424 phanus
301 3349 335 3409 όν
353 3303 407 3408 gm.
428 3353 450 3406 Ο
535 3358 567 3406 19
591 3347 756 3407 ἀνέπλασαν
780 3347 878 3442 ἄρχειν
897 3355 943 3408 Bb
971 3349 1008 3408 ἀν
1027 3347 1126 3423 ἄρχειν
1145 3353 1191 3408 Ba

173 3425 211 3480 οίν
225 3421 259 3480 mi
275 3420 449 3494 συνεπήγετο
465 3426 490 3478 Α
508 3425 595 3478 verba
612 3419 711 3493 ἀρχειν
725 3423 757 3479 δὲ
769 3419 958 3479 -αδόνατον
973 3415 1009 3493 ήν
1024 3424 1191 3480 όθλΒοίελςο

175 3501 210 3552 20
229 3489 280 3558 οὓς
298 3489 419 3564 ἐπήγετο
439 3512 523 3565 supra
541 3495 646 3565 scripta
658 3495 689 3549 in
702 3497 728 3549 A
789 3501 822 3549 22
842 3490 998 3567 ὑπολαβεῖν
1012 3513 1035 3551 ο.
1050 3495 1192 3565 Kiessling
