2660 3986
566 257 732 308 ..Γ-

143 415 264 495 έθάδες
282 406 370 501 ἦσαν
389 415 425 482 έκ
443 419 611 499 πλείστου,
633 415 690 482 καὶ
708 417 944 504 περιεγένοντο
963 413 1053 502 παρὰ
1071 413 1158 483 πολὺ

142 525 210 590 τών
233 525 394 608 Σαβίνων
421 535 491 602 τοῖς
518 547 553 589 τε
580 520 768 608 φεύγουσιν
800 520 912 592 αὐτῶν
941 525 994 592 έπλ
1016 521 1078 592 τὸν
1100 521 1157 610 χά-

143 655 228 718 ρακα
251 627 395 715 σποράσι
422 628 478 696 καὶ
505 625 725 709 ἀσυντάκτοις
752 628 894 710 ἐκποδός
918 629 1075 717 ἑπόμενοι
1099 653 1157 697 πο-

9 735 10 740 *
70 797 73 802 .
142 734 206 804 λὺν
229 737 368 804 ἐποίουν
391 734 513 822 φόνον.
557 735 780 823 κρατήσαντες
808 736 845 804 δέ
872 737 928 805 καὶ
950 741 1010 824 τῆς
1032 733 1198 824 παρεμ-4

142 845 246 928 βολῆς
275 839 389 910 αὐτῶν
425 844 651 910 παντοδαπῶν
683 842 863 930 χρημάτων
898 841 1066 931 γεμούσης
1102 842 1184 909 καλε

142 947 221 1028 τοὺς
243 946 488 1035 αἰχμαλώτους,
517 943 577 1028 οὓς
605 953 728 1035 ἔλαβον
760 953 796 1017 ολ
816 955 963 1037 Σαβῖνοι
990 945 1073 1019 κατά
1101 945 1161 1027 τὰς

142 1053 329 1144 προνομάς,
357 1051 584 1142 ἀπολαβόντες
620 1053 770 1144 ἀπῄεσαν
801 1054 851 1124 ἐπ’
879 1065 982 1126 οἴκου.
1034 1058 1071 1123 αί
1097 1055 1159 1142 μὲν

144 1159 187 1248 δῆ
209 1161 384 1248 πολεμικαὶ
406 1159 541 1249 πράξεις
563 1164 664 1229 τοῦδε
687 1165 748 1230 τοῦ
771 1164 935 1249 βασιλέως
966 1165 1004 1231 αί
1024 1161 1162 1249 μυῆμης

142 1268 198 1335 καὶ
221 1266 327 1353 λόγου
348 1266 438 1356 παρὰ
456 1264 631 1355 Ῥωμαίοις
659 1266 890 1354 τυγχάνουσαι
917 1272 1047 1337 τοιαίδε
1069 1266 1162 1347 τινες

148 1375 303 1460 λέγονται
321 1375 496 1460 γενέσθαι·
520 1375 688 1443 πολιτικαὶ
713 1373 750 1443 δὲ
773 1370 814 1454 ἀς
837 1379 976 1463 ἔρχομαι
998 1375 1114 1458 λέξων.
1173 1398 1199 1438 ιο

89 1504 142 1556 532
232 1499 416 1566 ΧΧΧΧΠΙ.
448 1501 593 1585 Πρώτου
617 1496 679 1585 μὲν
706 1501 747 1586 τῆ
774 1497 870 1566 πόλει
893 1511 1017 1586 μοῖραν
1041 1497 1083 1568 οὐ
1108 1527 1160 1586 μι-

50 1626 58 1644 ·
143 1603 228 1693 κράν
262 1606 475 1692 προσέθηκεν
506 1609 652 1691 τειχίσας
688 1602 750 1672 τόν
782 1604 968 1692 λεγόμενον
996 1602 1161 1674 Ἀουεντῖ-

144 1733 221 1780 νον·
244 1716 313 1780 ἔστι
338 1709 375 1779 δὲ
394 1709 500 1797 λόφος
522 1707 651 1796 ὑψηλὸς
674 1711 823 1790 ἐπιεικῶς
847 1708 1073 1780 ὀκτωκαίδεκά
1092 1737 1160 1780 που

145 1822 290 1887 σταδίων
312 1814 375 1904 τῆν
397 1820 613 1904 περίμετρον,
642 1811 680 1895 δς
702 1815 776 1885 τότε
800 1815 862 1903 μὲν
889 1814 972 1904 ὕλης
994 1821 1160 1886 παντοδα-

143 1927 206 2011 πῆς
234 1923 352 2011 μεστός
379 1914 438 2010 ῆν,
470 1927 625 2010 πλείστης
658 1922 695 1989 δὲ
727 1922 783 1989 καὶ
811 1927 988 2010 καλλίστης
1016 1922 1159 2011 δάφνης,
1174 1946 1199 1988 ιε

144 2029 197 2118 ἐφ’
227 2025 268 2119 ῆς
295 2033 476 2119 Λαυρῆτον
502 2026 569 2098 ὑπὸ
590 2025 764 2116 Ῥωμαίων
797 2035 946 2098 καλειται
977 2029 1079 2111 τόπος
1111 2057 1162 2112 τις

144 2135 194 2208 ἐπ’
207 2137 333 2206 αὐτοῦ·
356 2139 423 2205 νῦν
443 2136 481 2204 δὲ
502 2139 619 2204 οίκιών
638 2138 707 2204 ε’στι
726 2134 855 2223 πλῆρης
875 2133 971 2222 ἀπας,
992 2141 1078 2205 ἔνθα
1096 2136 1161 2206 σὺν

143 2252 281 2324 πολλοῖς
303 2242 419 2322 ἀλλοις
444 2243 500 2311 καὶ
528 2239 566 2311 τὸ
594 2247 654 2328 τῆς
673 2241 864 2331 Ἀρτέμιδος
894 2241 987 2332 ἱερὸν
1015 2246 1161 2330 ἵδρυται,

145 2359 289 2438 εἴργεται
326 2348 364 2416 δέ
400 2345 460 2438 ἀφ’,
496 2348 613 2437 ἑτέρον
653 2352 722 2417 τῶν
765 2351 1078 2438 συμπεριεχομένων
1120 2354 1161 2440 τῆ

89 2455 252 2544 538Ῥώμη
271 2455 389 2543 λόφων
408 2458 469 2523 τοῦ
488 2457 701 2542 καλουμένου
724 2460 953 2541 Παλλαντίου,
976 2456 1052 2543 περὶ
1072 2453 1113 2526 δν
1138 2455 1201 2544 ῆεο

143 2562 257 2650 πρώτη
288 2571 599 2632 κατασκευασθεῖσα
630 2561 728 2642 πόλις
765 2561 909 2650 ίδρόθη,
947 2569 1071 2656 βαθείᾳ
1103 2565 1160 2633 καὶ

145 2674 244 2759 στενῆ
268 2669 426 2758 φάραγγι.
471 2671 509 2738 έν
538 2668 575 2738 δέ
602 2681 673 2749 τοϊς
695 2669 839 2756 ὕστερον
866 2668 1002 2756 χρόνοις
1025 2670 1159 2758 ἐχώσθη

144 2781 208 2857 πᾶς
231 2774 249 2844 ὁ
273 2775 395 2864 μεταξὺ
417 2779 485 2845 τών
510 2775 628 2863 λόφων
645 2773 769 2843 αὐλών.
812 2777 935 2844 τοῦτον
955 2775 997 2864 δῆ
1019 2775 1079 2846 τὸν
1103 2773 1199 2846 λόῖ

144 2911 212 2972 φον
236 2885 440 2970 ἐπιτείχισμα
463 2881 545 2950 κατά
572 2886 630 2970 τῆς
657 2882 784 2962 πόλεως
813 2882 903 2971 δρών
928 2883 1106 2970 ἐσόμενον,
1130 2892 1164 2952 εί

216 3138 241 3188 4.
261 3137 277 3185 5
297 3124 387 3199 κρατή
406 3129 455 3184 καί
473 3125 540 3192 τοός
559 3125 752 3200 αἰχμαλώτους
769 3130 795 3184 Α
820 3129 934 3198 reliquis
958 3128 1068 3185 omissis
1087 3146 1159 3198 quae

144 3237 176 3328 iq
187 3235 314 3361 margine
333 3235 424 3361 {531³}
448 3241 487 3361 ὶ12
498 3221 769 3362 μρῷσχέθηκεῖὅΒ
786 3238 790 3303 1
806 3232 988 3360 ἷξγτειχίσας
1003 3235 1053 3361 ΟΚΙί
1063 3239 1158 3360 inoffi-

144 3327 350 3447 δῗῗόιυρέντος
368 3380 393 3431 Α
411 3325 605 3447 λάύρεενῆῆάςιΒ
624 3325 642 3362 a
661 3384 694 3433 1⁷
715 3373 761 3433 ἐπ’
775 3324 922 3432 δῆλοδδῖότς
936 3327 1000 3444 ἒτξηδ)
1054 3324 1096 3433 δεθε
1110 3324 1159 3432 &ff

144 3453 202 3511 λοις
225 3448 271 3502 Bb
300 3452 397 3511 καλοῖς
419 3449 495 3504 ABa
577 3455 610 3504 19
633 3446 798 3520 ἀμφοτέραν
823 3449 848 3501 A
868 3451 873 3518 l
894 3447 1158 3520 συμπεριεχομένων

146 3513 312 3588 οω.ΒΙέν
331 3519 364 3591 τῆ
384 3515 452 3590 §.B
524 3525 559 3574 λδ
577 3517 669 3589 λόφον
687 3520 713 3574 A
