2682 3982
191 333 402 418 δημηγορίαν
424 328 503 409 τοὺς
530 329 658 417 νόμους
683 327 907 418 παρεχόμενοι
934 326 1014 407 τούς
1041 325 1103 396 οὐκ
1126 329 1209 396 ἐῶν-

107 497 110 502 .
189 464 248 516 τας
280 435 418 523 ἀκριτον
452 434 662 506 ἀποκτείνειν
696 433 825 506 ούθένα
857 435 913 503 καὶ
943 432 984 504 τόι
1015 433 1106 524 παρά
1137 439 1209 503 τῶν

189 547 283 611 θεῶν
307 541 465 612 ἁπάντων
489 549 657 631 μηνίματα
680 557 752 622 ταῖς
782 541 826 630 μη
850 541 1068 624 κολαζούσαις
1089 541 1209 612 πόλεσι

150 647 269 730 4τοδς
293 651 422 736 ἐναγεῖς
446 649 634 732 διεξιόντες.
680 647 698 718 δ
723 649 761 718 δὲ
783 647 891 738 πατὴρ
915 648 1109 735 ἀπελογεῖτο
1132 650 1210 736 περὶ

163 761 252 826 ὁτού
276 761 452 845 μειρακίον
474 761 672 843 κατηγορῶν
696 761 755 843 τῆς
771 755 944 842 θυγατρὸς
965 759 1022 825 καί
1043 761 1210 844 τιμωρίαν

192 861 233 931 ού
258 862 369 949 φόνον
393 861 481 932 εἶναι
503 862 541 932 τό
560 862 713 951 πραχθὲν
736 865 845 949 λέγων
865 863 1026 951 δικαστήν
1044 889 1080 932 τε
1103 855 1210 930 αὑτὸν

191 967 294 1050 ἀξιῶν
323 966 410 1038 είυαι
438 973 507 1038 τῶν
536 972 634 1037 ίδίων
661 972 773 1038 κακῶν
797 967 998 1058 ἀμφοτέρων
1021 968 1210 1056 γενόμενον

191 1077 325 1162 πατέρα.
375 1079 511 1161 συχνῶν
545 1074 582 1144 δὲ
610 1074 722 1162 λόγων
751 1078 929 1164 ῥηθέντων
957 1074 1017 1163 ὑφ’
1044 1078 1210 1162 ἑκατέρων

191 1179 298 1267 πολλὴ
326 1178 387 1250 τόν
414 1183 553 1266 βασιλέα
582 1195 733 1268 κατεῖχεν
760 1181 944 1270 ἀμηχανία,
971 1189 1007 1252 τί
1026 1185 1119 1262 τέλος
1142 1184 1211 1262 ἐξε-

152 1255 294 1383 ξᾎνέγκη
322 1288 399 1374 περὶ
426 1291 484 1373 τῆς
513 1291 615 1374 δίκης.
667 1287 744 1358 ου”τε
771 1289 835 1378 γὰρ
864 1289 1030 1358 ἀπολῦσαι
1057 1293 1118 1358 τού
1145 1288 1210 1376 φό-

192 1419 257 1460 νου
283 1391 345 1462 τόν
373 1389 607 1480 ὁμολογοῦντα
638 1393 700 1482 τὴν
731 1394 882 1483 ἀδελφὴν
910 1393 1115 1486 ἀνῃρηκέναι
1142 1393 1209 1481 πρὸ

194 1503 289 1586 δίκης
315 1500 371 1568 καὶ
398 1503 502 1569 ταῦτα
531 1498 585 1588 ἐφ’
612 1495 662 1580 οἷς
693 1499 734 1570 ού
758 1501 975 1590 συνεχώρουν
998 1500 1210 1572 ἀποκτείνειν

194 1607 229 1674 οί
259 1605 361 1692 νόμοι
402 1611 512 1688 καλῶς
553 1613 642 1694 ἔχειν
684 1606 939 1696 ύπελάμβανεν,
975 1613 1033 1678 ἵνα
1065 1609 1109 1697 μὴ
1145 1607 1262 1696 τὴυεσε

165 1733 166 1736 ’
194 1711 282 1802 ἀράν
305 1712 421 1782 καὶτὸ
445 1713 527 1800 ἀγος
555 1712 620 1782 ἀπὸ
649 1719 711 1782 τοῦ
735 1715 938 1805 δεδρακότος
964 1721 1012 1796 είς
1033 1715 1094 1785 τὸν
1118 1720 1211 1786 ίδιον
1242 1787 1244 1790 .

154 1841 179 1879 1⁵
196 1817 291 1888 οἶκον
328 1823 570 1908 εἰσενέγκηται,
608 1820 684 1889 ούτε
722 1819 767 1902 ὡς
802 1821 1023 1910 ἀνδροφόνον
1059 1820 1212 1892 ἀποκτεῖ-

194 1955 252 1996 ναι
283 1925 344 1996 τόν
376 1925 459 2016 ὑπὲρ
492 1933 551 2016 τῆς
581 1931 743 2017 πατρίδος
775 1927 937 2015 ἑλόμενον
966 1925 1212 2016 προκινδυνεύ-

195 2053 251 2102 σαι
280 2036 336 2102 καί
364 2033 527 2121 τοσαύτης
553 2031 637 2122 αὐτῇ
666 2037 865 2114 δυναστείας
890 2033 1077 2122 γενόμενον
1100 2043 1212 2102 αίτιον

195 2140 307 2221 ἀλλως
334 2168 368 2210 τε
395 2142 451 2210 καὶ
478 2144 539 2210 τού
566 2138 691 2264 πμτρὸς
718 2137 927 2220 ἀπολύοντος
952 2138 1056 2210 αύτδν
1079 2145 1137 2228 της
1159 2146 1213 2208 αί-

194 2254 321 2340 τίας,
309 2239 336 2315 τό
365 2274 427 2334 την
458 2247 534 2334 περὶ
565 2274 624 2334 της
655 2245 828 2374 θυγατρὸς
860 2245 965 2336 ὀργηυ
993 2275 1014 2334 η
1042 2274 1077 2316 τε
1109 2247 1213 2335 φύσις

155 2315 359 2424 6ἀντεδίδου
390 2352 509 2444 πρτότιμ
542 2349 648 2420 καὶὸ
681 2351 795 2440 νόμος
849 2351 1081 2482 ἀπορούμενος
1114 2353 1152 2421 δε
1178 2359 1217 2424 τί

167 2425 352 2550 0χρησεται
387 2474 458 2540 τοῖς
493 2458 665 2548 πράγμασι
700 2463 865 2528 τελευτων
905 2459 1084 2548 κράτιστον
1122 2457 1213 2529 εἶναι

196 2569 319 2654 διέγνω
341 2570 387 2657 τῷ
412 2565 506 2657 δήμῳ
529 2592 591 2652 την
620 2565 807 2651 διάγνωσιν
834 2569 1030 2656 ἐπιτρέπειν.
1075 2566 1213 2654 γενόμε·

195 2701 255 2754 νος
274 2673 312 2742 δὲ
330 2633 577 2762 θάνατηφόρου
595 2678 736 2760 κρίσεως
753 2672 828 2742 τότε
846 2678 981 2763 πρῶτον
1004 2671 1022 2743 δ
1037 2671 1212 2760 Ῥωμαίων

196 2784 303 2868 δῆμος
334 2778 450 2869 κύριος
482 2782 522 2868 τῇ
550 2778 668 2869 γνώμη
695 2784 756 2849 τοῦ
788 2782 914 2864 πατρὸς
944 2782 1131 2868 προσέθετο
1155 2781 1213 2848 καὶ

140 2886 337 2991 ᾗᾷπολύει
360 2890 421 2955 τοῦ
440 2886 553 2975 φόνον
574 2889 636 2956 τὸν
658 2885 783 2976 ἀνδρα·
807 2885 848 2956 ού
867 2889 934 2974 μὴν
958 2884 1032 2972 ὅγε
1055 2889 1213 2974 βασιλεὺς

197 2993 349 3082 ἀποχρῆν
373 2998 464 3079 έλεγε
491 3005 561 3072 τοῖς
588 2995 809 3081 βουλομένοις
835 2995 876 3060 τὰ
898 3017 984 3082 προς
1005 2997 1085 3074 τοὺς
1107 2996 1214 3074 θεούς

268 3232 286 3281 4
311 3221 410 3294 έπελογ
413 3229 470 3278 εἴτο
493 3224 540 3280 Ba
621 3229 654 3277 12
679 3218 712 3278 ού
738 3240 792 3278 om.
816 3226 842 3278 Α
923 3229 958 3278 14
980 3218 1038 3280 από
1063 3225 1086 3278 B
1109 3241 1164 3280 om.
1186 3226 1212 3278 R

199 3302 232 3352 15
253 3295 455 3382 είςενεγκεῐται
472 3296 518 3350 Ba
581 3300 613 3350 17
632 3289 705 3365 αύτῇ
725 3295 748 3348 Β
767 3287 844 3368 αύτῷ
863 3295 889 3349 Β
947 3302 981 3350 21
1001 3291 1213 3422 χρησῳταιΒ

198 3375 232 3423 22
253 3367 355 3456 διέγνω
370 3361 519 3491 κράτιστογ
534 3361 645 3420 εἷναιΒ
665 3349 775 3434 έγνωο.
791 3350 941 3455 Κίεεελίος,
956 3366 1030 3422 Oobe
1060 3367 1081 3422 O
1103 3384 1115 3422 ε
1138 3385 1158 3436 p
1178 3371 1211 3422 65

198 3447 233 3494 26
252 3433 414 3508 ἀποχρῆναι
431 3439 477 3507 ΑΙ
494 3434 571 3504 έλεγε
591 3435 637 3490 Bb
658 3433 739 3509 έλαβε
759 3437 804 3492 Ba
822 3432 949 3508 ὑπέλαβε
968 3437 994 3491 Α
