2670 3984
201 215 269 297 εσυ
622 233 786 288 -ss-

197 397 368 478 βασιλείας
390 390 483 474 ἀξιος
504 390 562 460 ὑπ’
582 391 779 480 ἀνθρώπων
799 399 943 481 κριθείς·
971 393 1014 463 ού
1036 397 1152 483 μέντοι
1174 425 1213 484 με

198 497 367 586 λήψεσθαι
389 497 452 586 τὴν
475 497 576 586 τιμὴν
598 500 775 587 πρότερον,
798 499 858 568 ἐὰν
882 499 928 589 μὴ
951 502 1009 569 καλ
1030 501 1069 570 τὸ
1094 504 1212 592 δαιμό-

198 631 277 674 νιον
300 608 499 695 ἐπιθεσπίσῃ
523 604 568 673 δι’
594 609 729 676 οίωνῶν
751 610 881 675 αἰσίων.

286 713 327 780 V.
357 710 416 793 Ὡς
447 711 485 780 δὲ
515 709 682 792 κάκείνοις
714 704 758 798 ἡν
789 715 1010 802 βουλομένοις
1040 716 1214 804 προειπῶν

156 845 171 888 ι
197 815 337 907 ἡμέραν,
355 810 429 908 ένὴ
448 818 759 906 διαμαντεύσασθαι
772 821 848 908 περὶ
865 824 925 908 τῆς
942 819 1047 909 ἀρχῆς
1060 828 1207 912 ἔμελλεν,
1213 841 1274 894 245'

196 1033 233 1100 ἀι
255 1035 314 1118 τῆς
336 1035 462 1120 σκηνῆς
483 1037 669 1120 προὴλθεν·
692 1030 772 1113 στάς
790 1033 828 1102 δὲ
849 1031 1032 1123 ὑπαίθριος
1050 1038 1088 1104 έν
1106 1047 1213 1106 καθα-

196 1143 245 1229 ρῷ
269 1143 379 1230 χωρίῳ
406 1138 463 1206 καὶ
490 1138 668 1228 προθύσας
695 1135 717 1206 ἀ
744 1139 850 1228 νόμος
876 1133 921 1228 ἡν
948 1140 1063 1229 εύχετο
1088 1149 1153 1222 Διί
1175 1171 1213 1212 τε

195 1250 328 1330 βασιλεῖ
356 1245 412 1313 καλ
443 1258 514 1324 τοῖς
549 1244 664 1326 ἀλλοις
698 1255 808 1333 θεοῖς,
846 1244 906 1328 οὓς
937 1247 1116 1335 ἐποιήσατο
1152 1256 1214 1338 τῆς

156 1377 183 1418 ιο
195 1348 350 1432 ἀποικίας
372 1349 553 1438 ἡγεμόνας,
582 1356 614 1420 εί
634 1355 855 1440 βουλομένοις
883 1351 997 1434 αὐτοῖς
1024 1357 1093 1423 ἐστι
1116 1363 1211 1444 βασι-

195 1456 355 1526 λεύεσθαι
376 1457 439 1544 τὴν
461 1457 561 1527 πόλιν
584 1455 647 1546 ὑφ’
673 1459 811 1546 ἑαυτοῦ,
835 1475 954 1548 σημεῖα
977 1458 1122 1550 ούράνια
1145 1491 1211 1550 φαὴ

155 1567 298 1650 ἳνῆναι
329 1565 423 1634 καλά.
469 1563 550 1654 μετὰ
583 1565 621 1634 δὲ
652 1565 714 1652 τὴν
747 1564 850 1654 εύχὴν
882 1565 1034 1657 ἀστραπὴ
1066 1573 1212 1656 διῆλθεν

196 1671 232 1739 έα
253 1675 322 1740 τῶν
344 1670 532 1761 ἀριστερῶν
549 1673 603 1741 έπλ
623 1671 664 1741 τά
683 1672 784 1756 δεξιά.
824 1678 976 1742 τίθενται
995 1673 1032 1742 δὲ
1051 1672 1211 1764 Ῥωμαῖοι

194 1776 254 1859 τὰς
275 1780 312 1847 ίκ
333 1783 401 1848 τῶν
425 1776 610 1869 ἀριστερῶν
631 1781 685 1848 ἐπὶ
701 1777 742 1848 τὰ
762 1778 855 1861 δεξιὰ
874 1777 1044 1868 ἀστραπὰς
1066 1787 1210 1872 αἰσίους,

155 1918 180 1961 ιε
195 1894 260 1954 είτε
281 1884 371 1974 παρά
397 1889 584 1974 Τυρρηνῶν
608 1887 840 1974 διδαχθέντες,
862 1895 927 1956 είτε
949 1888 1102 1976 πατέρων
1124 1901 1209 1960 καθ-

193 1993 415 2081 ηγησαμένων
447 1991 529 2062 κατὰ
560 1990 703 2062 τοιόνδε
725 1992 817 2078 τινά,
856 1991 901 2074 ῶς
938 1993 1002 2080 έγῶ
1033 2001 1208 2084 πείθομαι,

194 2099 373 2187 λογισμόν,
406 2097 457 2168 ὅτι
489 2101 640 2186 καθέδρα
667 2102 730 2188 μέν
762 2103 831 2168 ἐστι
862 2101 918 2169 καὶ
946 2100 1062 2184 στάσις
1088 2099 1208 2193 ἀρίστη

193 2209 262 2274 τῶν
290 2210 424 2286 οίωνοῖς
451 2209 709 2294 μαντευομένων
737 2204 758 2294 ἡ
785 2209 955 2294 βλέπουσα
977 2207 1062 2298 πρὸς
1088 2208 1207 2280 ἀνατο-

192 2311 263 2398 λάς,
283 2310 367 2382 ὅθεν
385 2311 484 2399 ἡλίου
501 2339 537 2381 τε
555 2311 727 2401 ἀναφοραὶ
745 2320 898 2400 γίνονται
915 2315 972 2382 καὶ
991 2317 1133 2404 σελήνης
1150 2319 1207 2386 καὶ

152 2451 179 2491 ιο
193 2416 342 2508 ἀστέρων
365 2419 544 2507 πλανήτων
566 2446 601 2488 τε
621 2420 677 2488 καὶ
696 2418 867 2508 ἀπλανῶν,
891 2419 913 2509 ἡ
935 2447 970 2490 τε
992 2427 1054 2491 τού
1075 2421 1207 2512 κόσμου

192 2525 373 2613 περιφορά,
402 2525 448 2594 δι’
478 2523 522 2614 ἡν
548 2526 623 2596 τοτὲ
651 2525 712 2615 μέν
740 2525 824 2616 ὑπὲρ
851 2532 915 2614 γῆς
941 2525 1072 2598 ἀπαντα
1098 2531 1140 2598 τά
1168 2535 1207 2600 ἐν

192 2627 282 2723 αύτῷ
313 2637 458 2718 γίνεται,
489 2633 563 2702 τοτὲ
595 2633 632 2702 δὲ
664 2632 730 2703 ὑπὸ
764 2637 839 2721 γῆς,
872 2637 1004 2704 ἐκεῖθεν
1035 2635 1206 2726 ἀρξαμένη

51 2729 56 2740 ’
151 2732 172 2798 3
190 2733 252 2824 τὴν
275 2736 451 2824 ἐγκύκλιον
470 2737 658 2809 ἀποδίδωσι
680 2746 825 2828 κίνησιν.
845 2755 936 2821 ’τοῖς
957 2741 996 2810 δέ
1017 2740 1100 2829 πρὸς
1122 2742 1202 2812 ἀνα-

189 2840 289 2924 τολὰς
309 2847 499 2931 βλέπουσιν
512 2845 670 2936 ἀριστερὰ
691 2847 754 2935 μὲν
779 2851 906 2934 γίνεται
926 2846 1010 2935 <τά>
1028 2847 1112 2938 πρὸς
1133 2849 1261 2938 τὴνεες

150 2980 176 3023 ει
190 2948 314 3039 ἀρκτον
333 2954 575 3043 ἐπιστρέφοντα
593 2957 687 3044 μέρη,
708 2952 798 3036 δεξιὰ
818 2954 856 3022 δὲ
875 2951 958 3042 <τά>
978 2953 1062 3040 πρὸς
1080 2976 1206 3045 μεσημ-

189 3062 291 3145 βρίαν
322 3061 483 3150 φέροντα·
519 3060 697 3149 τιμιώτερα
730 3060 768 3128 δὲ
799 3059 840 3130 τὰ
871 3060 1017 3149 πρότερα
1051 3065 1205 3151 πέφυκεν

263 3295 276 3344 1
301 3285 353 3345 ἀπ’
379 3286 473 3357 αύτῶν
508 3309 531 3347 ο.
565 3290 654 3348 Cobet
687 3291 752 3346 Obs.
777 3311 804 3362 p.
828 3298 863 3348 40
951 3298 968 3347 5
996 3293 1203 3364 διαμαντεύσε-

190 3363 260 3415 σθαι
287 3377 310 3416 ο.
340 3361 447 3417 Grimm
552 3369 567 3417 '1
590 3363 718 3433 προῆλθε
747 3364 770 3418 Β
874 3369 906 3418 11
932 3365 1024 3435 φῆναι
1051 3381 1074 3420 ο.
1098 3364 1203 3421 Reiske

189 3429 368 3572 εῩῗὶλξωτειαριλι
405 3434 460 3488 τῶν
496 3432 626 3503 πατέρων
662 3435 816 3490 Ambrosch
913 3441 955 3492 24.
989 3439 1022 3490 2⁶
1059 3431 1094 3489 τά
1135 3437 1202 3492 add.
