2682 3982
603 203 766 256 -Β-

179 361 244 432 νὸν
269 360 362 452 ίερὸν
387 359 428 430 ού
450 362 713 432 κατεσκευάσατο
737 366 795 450 τῆς
814 361 944 443 Ἑστίας
967 360 1048 432 οὐδὲ
1072 366 1197 452 ἱερείας

181 471 293 551 ἔταξεν
316 465 400 558 αύτῇ
423 471 632 558 παρθένους,
657 471 695 538 έν
719 469 838 559 ἑκάστη
863 468 901 538 δὲ
922 473 991 538 τῶν
1013 467 1196 557 τριάκοντα

161 579 354 672 Ιφρατριῶν
378 575 602 666 ἱδρυσάμενος
626 577 756 663 ἑστίαν,
780 575 833 664 ἐφ’
858 568 899 664 ἧς
921 581 1028 646 ἔθυον
1053 579 1088 646 οί
1108 605 1196 666 φρα-

179 699 296 773 τριεῖς,
324 685 522 771 θυηπόλους
549 682 660 752 αὐτῶν
689 687 823 772 ἐποίησε
850 682 929 765 τούς
952 687 1021 754 τῶν
1043 688 1197 773 κουριῶν

140 813 153 854 ι
180 788 348 878 ἡγεμόνας
369 788 409 858 τά
432 788 510 878 παρ’
528 788 689 877 Ἕλλησιν
712 796 775 878 ἔθη
796 789 1037 879 μιμησάμενος,
1060 787 1081 859 ἀ
1105 789 1198 880 παρὰ

181 907 253 978 ταίς
276 895 511 986 ἀρχαιοτάταις
527 899 597 966 τῶν
615 895 747 966 πόλεων
767 903 815 966 έτι
832 902 992 984 γίγνεται.
1027 895 1068 966 τά
1086 899 1127 984 γέ
1141 924 1197 966 τοι
1254 912 1257 916 ’

179 1003 371 1092 καλούμενα
406 1016 591 1092 πρυτανεία
626 1001 704 1091 παρ’
739 1001 853 1083 αύτοῑς
889 1001 1065 1090 (Εστίας)
1103 1003 1197 1072 ἐστὶν

181 1110 266 1198 ίερά,
288 1110 344 1178 καὶ
366 1109 589 1200 θεραπεύεται
606 1107 690 1200 πρὸς
707 1113 776 1179 τῶν
799 1109 947 1200 ἐχόντων
969 1110 1007 1180 τὸ
1032 1111 1259 1198 μέγιστον376

181 1220 218 1287 έν
240 1231 313 1297 ταῖς
334 1216 452 1285 πόλεσι
474 1215 604 1302 κράτος.

143 1346 169 1384 1⁰
272 1326 389 1392 LXVI.
413 1322 533 1411 Νόμας
557 1323 594 1392 δὲ
616 1323 677 1412 τὴν
701 1322 807 1413 ἀρχὴν
826 1322 1029 1413 παραλαβὼν
1052 1323 1110 1404 τάς
1133 1323 1197 1411 μὲν

183 1435 272 1511 ίθίας
301 1429 362 1500 ούκ
390 1433 523 1518 ἐκίνησε
549 1435 618 1500 τῶν
646 1435 820 1520 φρατριῶν
853 1432 977 1517 ἑστίας,
1006 1429 1127 1519 κοινὴν
1157 1432 1198 1500 δὲ

182 1537 403 1626 κατεστήσατο
427 1537 564 1608 πάντων
593 1543 673 1626 μίαν
702 1541 738 1606 έν
766 1541 812 1630 τῷ
840 1535 962 1626 μεταξύ
984 1543 1046 1608 τού
1067 1565 1103 1607 τε
1126 1546 1198 1606 Κα-

182 1649 344 1714 πιτωλίου
375 1645 430 1714 καὶ
467 1649 529 1714 τού
561 1651 737 1714 Παλατίου
768 1651 895 1737 χοιρίφ,
932 1649 1198 1734 συμπεπολισμέ-

183 1778 255 1820 νων
279 1750 344 1840 ἤδη
368 1757 435 1821 τῶν
459 1751 577 1839 λόφων
600 1752 652 1820 ἑνὶ
674 1751 841 1844 περιβόλῳ
864 1752 920 1820 καὶ
943 1753 1045 1840 μέσης
1067 1750 1200 1840 ἀμφοῖν

144 1875 169 1916 15
185 1857 289 1946 ούσης
310 1863 369 1947 τῆς
392 1857 532 1948 ἀγοράς,
555 1861 592 1928 έν
615 1850 637 1947 ᾖ
659 1858 916 1928 κατεσκεύασται
937 1857 976 1928 τὸ
1000 1858 1110 1946 ἱερόν,
1133 1860 1197 1946 τήν

183 1993 219 2037 τε
242 1965 399 2054 φυλακὴν
421 1970 490 2035 τῶν
514 1969 615 2054 ίερῶν
641 1965 724 2034 κατὰ
751 1964 811 2034 τὸν
839 1965 982 2054 πάτριον
1004 1969 1072 2036 τῶν
1096 1971 1197 2034 Λατί»

183 2100 255 2143 νων
292 2071 401 2160 νόμον
439 2071 495 2141 διὰ
536 2075 720 2160 παρθένων
762 2075 988 2160 ἐνομοθέτησε
1027 2079 1197 2160 γίνεσθαι·

144 2181 251 2269 θέχει
280 2183 320 2249 δέ
344 2207 439 2260 τινας
470 2177 612 2268 ἀπορίας
643 2179 699 2246 καὶ
731 2176 769 2246 τὸ
798 2177 1060 2266 φυλαττόμενον·
1086 2181 1123 2248 έν
1150 2184 1197 2272 τῷ

186 2291 264 2380 ἱερῷ
287 2293 323 2356 τί
344 2285 470 2374 δήποτέ
490 2287 633 2355 ἐστικαὶ
657 2283 714 2354 διά
736 2291 772 2355 τί
786 2284 979 2374 πρόσκειται
1002 2289 1199 2375 παρθένοις.

144 2420 170 2458 εο
184 2393 273 2474 τινές
301 2393 363 2482 μὲν
393 2385 455 2462 οὖν
485 2391 587 2462 οὐδέν
621 2395 681 2474 ἐξω
709 2397 771 2461 τού
798 2397 951 2481 φανεροῦ
977 2391 1083 2482 πυρὸς
1110 2392 1202 2462 εἶναι’

186 2520 270 2590 φασι
292 2498 331 2570 τὸ
355 2499 581 2589 τηρούμενον,
608 2499 670 2588 την
699 2499 737 2568 δὲ
764 2499 920 2588 φυλακην
943 2485 1049 2569 αύτού
1071 2503 1199 2588 παρθέ-

184 2635 258 2686 νοις
281 2605 482 2674 άνακεῖσθαι
501 2610 631 2693 μᾶλλον
654 2603 675 2694 ἢ
695 2605 841 2696 ἀνδράσι
858 2612 1036 2677 ποιοῦνται
1058 2606 1199 2676 κατὰτὸ

185 2712 290 2798 είκός,
318 2710 372 2781 ότι
404 2716 471 2801 πύρ
505 2711 566 2800 μέν
594 2711 774 2801 ἀμίαντον,
807 2717 979 2803 παρθένος
1007 2711 1038 2782 θ’
1064 2713 1200 2802 ἀφθαρ-

183 2846 260 2906 τον,
291 2821 337 2910 τῶ
371 2817 403 2885 δ’
430 2815 603 2911 ἀμνοτάτφ
635 2824 703 2889 τῶν
736 2827 842 2890 θείων
869 2819 929 2890 τὸν
956 2819 1201 2909 καθαρώτατον

145 2899 254 3025 {gnfiv
277 2929 417 3012 θνητῶν
440 2931 552 3012 φίλον.
587 2923 701 3017 Ἑστίᾳ
720 2926 750 2994 δ’
772 2926 972 2996 ἀνακεῖσθαι
990 2925 1028 2996 τὸ
1051 2931 1118 3016 πύρ
1141 2953 1199 2994 νο-

186 3039 352 3122 μίζουσιν,
377 3029 428 3102 ὅτι
451 3037 493 3121 φῆ
512 3060 547 3102 τε
571 3025 656 3102 ούσα
679 3032 699 3121 ἡ
722 3032 804 3114 θεὸς
825 3032 961 3103 καὶτὸν
984 3035 1089 3120 μέσον
1107 3035 1199 3102 κατέ-

259 3189 384 3263 2αύτῆς
401 3195 476 3249 BaR
548 3194 716 3281 3φρατρῶν
740 3210 763 3247 ο.
782 3193 924 3263 Kieseling
996 3193 1201 3262 4κουριῶνΒ

187 3267 310 3334 κουρίαν
333 3267 359 3320 R
436 3271 452 3320 ό
475 3257 494 3320 ἀ
518 3259 653 3346 παρά]“
633 3283 707 3333 απερ
734 3261 765 3318 έν
793 3282 815 3320 ο.
836 3264 958 3320 Sintenis
979 3265 1041 3321 Em.
1060 3264 1141 3320 Dion
1160 3263 1201 3321 III

187 3343 268 3406 ρ.22
325 3331 467 3397 λΕστίας
486 3336 549 3390 add.
564 3335 668 3390 Reiske
723 3329 772 3389 8η
794 3331 1117 3423 θεόςθεραπεύεταιο.
1132 3337 1199 3390 Am-

187 3408 290 3464 brosch
366 3404 563 3462 9πόλεσινΒ
641 3411 672 3459 13
697 3409 867 3461 παλλαντίον
885 3407 931 3462 Bb
1009 3414 1042 3462 22
1062 3401 1200 3476 ἀνδράσιν

188 3479 339 3534 οίονταιο.
358 3477 500 3546 Kieseling
572 3483 605 3532 23
624 3477 782 3548 παρθένοις
800 3479 852 3532 ΑΒ
