2660 3986
544 253 577 264 -
616 226 708 276 Γ-
1069 222 1134 288 369

119 383 182 472 μὲν
205 380 255 453 ἐπ’
283 379 405 463 αύτούς
431 381 494 470 τὴν
518 381 666 465 εὔζωνόν
688 407 724 450 τε
746 383 802 450 καί
826 384 863 451 έν
887 382 1006 473 ἑτοίμχι
1031 381 1134 452 δύνα-

120 519 180 580 μιν
208 487 429 577 ἐπαγόμενος,
458 485 569 560 ούκέτι
598 488 635 558 δὲ
664 494 864 576 καταλαβεῖν
893 487 1016 570 αύτούς
1043 489 1134 576 φθά

120 618 181 679 σας
213 602 261 678 είς
290 595 353 684 τὴν
385 597 525 666 ἐκείνων
556 593 671 684 χύραν
706 597 842 682 ἐνέβαλε
873 595 929 664 καί
960 594 1000 666 τά
1033 592 1133 682 ὅμοια

121 707 269 791 διέθηκε.
321 705 459 772 τοιαῦτα
496 703 675 789 συνέβαινε
712 699 819 770 πολλά
852 700 1026 790 παραλλὰξ
1063 702 1174 770 ἕνα-8

9 819 10 822 ’
120 814 230 897 πόροις
253 810 306 878 ἐπὶ
328 807 386 890 τάς
410 806 557 898 ὁμόρους
579 807 689 897 χώρας
707 809 1022 897 ἐκστρατευομένοις
1044 810 1161 878 ἐλαι-6

120 915 254 1004 τύματά
276 943 312 986 τε
333 917 390 985 καὶ
413 914 692 1003 πλεονεκτήματα,
711 920 770 1004 μία
789 915 827 984 δέ
845 913 957 985 αύτύν
976 917 1013 984 eu
1030 939 1135 1004 παρα-

119 1022 244 1105 τάξεως
272 1024 403 1109 ἐγένετο
431 1021 519 1111 μάχη
546 1021 698 1110 Φιδήνης
724 1021 852 1102 πόλεως
878 1027 1022 1109 πλησίον
1052 1019 1135 1090 ἇπά-

122 1149 198 1210 σαις
220 1127 466 1218 συμβαλόντων
490 1143 564 1210 ταῖς
587 1127 790 1216 δυνάμεσιν,
813 1130 851 1196 έν
875 1119 898 1217 ᾗ
925 1129 1045 1198 πολλοὶ
1073 1127 1135 1215 μέν

122 1241 242 1306 ἔπεσον
275 1231 491 1324 ἀμφοτέρων,
524 1238 683 1322 ἐνίκησαν
718 1234 756 1304 δὲ
781 1232 939 1323 Ῥωμαῖοι
970 1235 1026 1304 καὶ
1057 1232 1137 1315 τούς

6 1357 7 1360 ’
120 1347 291 1422 Λατίνους
313 1339 510 1430 ἠνάγκασαν
527 1341 687 1421 λιπόντας
703 1339 765 1418 τὸν
785 1339 913 1430 χάρακα
935 1340 1069 1430 νύκτωρ
1088 1345 1136 1421 είς
1150 1365 1176 1406 ιο

121 1446 180 1529 τὰς
203 1449 332 1518 ἑαυτῶν
355 1447 470 1529 πόλεις
492 1446 663 1517 ἀπελθεῖν.

210 1557 263 1624 LI.
290 1553 384 1624 Μετὰ
403 1555 441 1624 θλ
458 1553 519 1624 τὸν
537 1552 654 1641 ἀγῶνα
672 1557 796 1624 τούτου
815 1559 901 1640 ἔχων
917 1555 1136 1640 συντεταγμέ-

121 1687 187 1748 νην
219 1659 281 1748 τηυ
313 1659 486 1750 Ῥωμαίων
525 1660 673 1749 δύναμιν
706 1659 724 1729 ὁ
767 1659 954 1747 Ταρκύνιος
989 1661 1042 1728 ἐπὶ
1078 1657 1137 1738 τάς

120 1767 236 1849 πόλεις
263 1765 375 1838 αὐτῶν
404 1768 520 1857 ίχύρει
547 1767 671 1855 λόγους
696 1767 879 1855 προφέρων
908 1767 984 1856 περὶ
1012 1769 1137 1852 φιλίας.

5 1891 7 1918 ¹
122 1876 158 1942 οί
179 1871 211 1942 θ’
238 1871 309 1944 οὔτ’
336 1877 373 1944 έν
396 1877 441 1968 τῷ
465 1877 570 1967 κοινῷ
593 1877 809 1943 συνεστῶσαν
832 1877 966 1960 ἔχοντες
988 1870 1137 1958 δύναμιν
1151 1893 1177 1938 ιε

122 1977 199 2048 ούτε
235 1994 307 2061 ταῖς
343 1985 446 2062 ίθίαις
482 1993 707 2071 παρασκευαῖς
744 1978 945 2059 πεποιθότας
979 1979 1136 2066 ἐδέχοντο

68 2084 186 2167 σοοτάς
211 2086 428 2176 προκλήσεις,
459 2089 516 2156 καὶ
548 2089 777 2175 παρεδίδοσαν
810 2083 922 2155 αύτιόν
958 2110 1048 2165 τινες
1079 2083 1138 2165 τὰς

120 2191 236 2275 πόλεις
263 2191 420 2282 ὁρῶντες,
448 2192 501 2262 ὅτι
528 2207 601 2274 ταῖς
629 2193 691 2281 μέν
719 2189 880 2272 ἁλούσαις
906 2188 988 2262 κατά
1015 2191 1137 2279 κρότος

122 2297 397 2388 ἀνδραποδισμοί
419 2326 456 2370 τε
482 2297 702 2387 ἠκολούθουν
728 2299 785 2368 καὶ
811 2302 1037 2384 κατασκαφαί,
1065 2311 1137 2377 ταῖς

122 2407 161 2475 δὲ
183 2405 460 2494 προσχωρούσαις
481 2403 563 2474 καθ’
585 2402 767 2493 ὁμολογίας
789 2402 827 2472 τὸ
850 2413 1047 2492 πειθαρχεῖν
1065 2417 1137 2484 τοῖς
1150 2425 1177 2468 ιο

120 2512 340 2600 κεκρατηκόσι
362 2512 486 2601 μόνον,
508 2510 591 2582 ἀλλο
622 2511 660 2580 δὲ
682 2509 868 2598 ἀνήκεστον
892 2509 1003 2580 οὐδέν.
1047 2508 1177 2598 πρῶ-2

120 2646 183 2689 τον
206 2619 268 2707 μὲν
292 2610 356 2688 οὖν
381 2618 562 2690 Φικόλνεοι
583 2621 792 2707 προσέθεντο
816 2614 906 2711 αύτῷ
928 2617 1026 2698 πόλις
1048 2615 1137 2701 ἀξιό-

121 2734 222 2812 λογος
245 2725 298 2794 ἐπὶ
321 2726 553 2813 συγκειμένοις
580 2725 647 2794 τισὶ
670 2729 828 2811 δικαίοις,
851 2729 962 2794 ἔπειτα
985 2731 1137 2812 Καμαρῖ-

121 2859 189 2920 νοι,
212 2827 265 2914 αἷς
282 2830 523 2920 ἠκολούθησαν
540 2831 641 2902 ἀλλαι
663 2831 753 2912 τινες
770 2836 928 2918 πολίχναι
946 2831 1061 2919 μικραὶ
1079 2832 1136 2901 καὶ

122 2939 270 3029 φρούρια
294 2938 405 3028 έχυρά.
451 2938 504 3027 ἐφ’
527 2934 577 3020 οἷς
599 2939 822 3028 ταραχθέντες
846 2940 881 3006 οί
901 2937 1013 3024 λοιποί
1035 2915 1177 3045 Λατϊ-ξῖ5

122 3072 178 3114 νοι
205 3045 261 3114 καὶ
290 3048 460 3126 δείσαντες
487 3043 533 3134 μὴ
559 3049 628 3116 πᾶν
659 3041 719 3132 ὑφ’
751 3044 856 3136 ἑαυτῷ
888 3041 1068 3132 ποιήσηται
1098 3042 1135 3114 τὸ

195 3275 280 3332 final
302 3272 375 3333 κατὰ
398 3273 475 3333 τάΒ
557 3283 592 3333 14
609 3274 849 3346 *προσφόρωνΟ
933 3279 966 3330 17
991 3270 1069 3346 αύτῷ
1087 3271 1138 3338 τάς

122 3343 220 3410 πόλεις
234 3364 257 3404 ο.
268 3347 368 3404 Reiske
423 3353 458 3404 20
471 3344 684 3418 προχωροόσαις
697 3348 722 3402 Α
776 3350 810 3402 21
826 3341 892 3402 ἀλλο
907 3346 961 3402 del.
977 3345 1137 3416 Stephanus

123 3425 158 3474 22
174 3415 321 3488 φικόλνεοι
335 3418 457 3490 Sylburg
476 3421 624 3488 φιδηυαίοι
638 3419 663 3473 R
677 3419 844 3488 φειθηναῑοι
857 3417 879 3472 Β
893 3417 896 3488 λ
909 3411 986 3472 αύτύ
997 3418 1020 3472 Β
1030 3434 1084 3474 om.
1095 3419 1134 3489 R(

123 3487 221 3552 πόλεις
240 3483 405 3560 ἀξιολόγους
423 3492 449 3544 Α
520 3496 554 3546 23
574 3486 604 3545 οἱ
620 3494 780 3561 Καμαρῖνοι
798 3489 824 3546 R
842 3485 872 3545 οἶ
888 3505 943 3546 om.
961 3471 986 3543 B

177 3599 276 3640 mom.
288 3599 353 3639 Ηιτ.
366 3599 386 3640 1.
399 3607 438 3639 ιο.
452 3598 553 3641 huon.
942 3583 976 3632 24
