<?xml version="1.0" encoding="UTF-8"?>
<!DOCTYPE html PUBLIC "-//W3C//DTD XHTML 1.0 Transitional//EN"
    "http://www.w3.org/TR/xhtml1/DTD/xhtml1-transitional.dtd">
<html xmlns="http://www.w3.org/1999/xhtml" xml:lang="en" lang="en">
 <head>
  <title>
</title>
<meta http-equiv="Content-Type" content="text/html;charset=utf-8" />
  <meta name='ocr-system' content='tesseract 3.04.00' />
  <meta name='ocr-capabilities' content='ocr_page ocr_carea ocr_par ocr_line ocrx_word'/>
</head>
<body>
  <div class='ocr_page' id='page_1' title='image "./dionysihalicarn05diongoog_0136.png"; bbox 0 0 2670 3984; ppageno 0'>
   <div class='ocr_carea' id='block_1_1' title="bbox 560 251 723 302">
    <p class='ocr_par' dir='ltr' id='par_1_1' title="bbox 560 251 723 302">
     <span class='ocr_line' id='line_1_1' title="bbox 560 251 723 302; baseline 0 -14"><span class='ocrx_word' id='word_1_1' title='bbox 560 251 723 302; x_wconf 70' lang='grc' dir='ltr'>..Α-</span> 
     </span>
    </p>
   </div>
   <div class='ocr_carea' id='block_1_2' title="bbox 75 403 1259 2946">
    <p class='ocr_par' dir='ltr' id='par_1_2' title="bbox 75 403 1259 2946">
     <span class='ocr_line' id='line_1_2' title="bbox 137 403 1152 500; baseline 0.004 -26"><span class='ocrx_word' id='word_1_2' title='bbox 137 404 243 493; x_wconf 83' lang='grc' dir='ltr'><strong><em>ζόφον</em></strong></span> <span class='ocrx_word' id='word_1_3' title='bbox 267 408 304 476; x_wconf 89' lang='grc' dir='ltr'><strong><em>ἐν</em></strong></span> <span class='ocrx_word' id='word_1_4' title='bbox 328 404 463 500; x_wconf 91' lang='grc' dir='ltr'><strong><em>ούρανῷ</em></strong></span> <span class='ocrx_word' id='word_1_5' title='bbox 486 406 707 495; x_wconf 80' lang='grc' dir='ltr'><strong><em>κατασχόντα·</em></strong></span> <span class='ocrx_word' id='word_1_6' title='bbox 731 405 813 490; x_wconf 82' lang='grc' dir='ltr'><strong><em>όψιν</em></strong></span> <span class='ocrx_word' id='word_1_7' title='bbox 833 409 881 493; x_wconf 83' lang='grc' dir='ltr'><strong><em>θέ,</em></strong></span> <span class='ocrx_word' id='word_1_8' title='bbox 904 403 948 497; x_wconf 76' lang='grc' dir='ltr'><strong><em>ἣν</em></strong></span> <span class='ocrx_word' id='word_1_9' title='bbox 966 409 1022 478; x_wconf 84' lang='grc' dir='ltr'><strong><em>καλ</em></strong></span> <span class='ocrx_word' id='word_1_10' title='bbox 1044 407 1082 478; x_wconf 87' lang='grc' dir='ltr'><strong><em>τὸ</em></strong></span> <span class='ocrx_word' id='word_1_11' title='bbox 1106 417 1152 478; x_wconf 86' lang='grc' dir='ltr'><strong><em>εί-</em></strong></span> 
     </span>
     <span class='ocr_line' id='line_1_3' title="bbox 136 511 1153 607; baseline 0.005 -27"><span class='ocrx_word' id='word_1_12' title='bbox 136 515 250 581; x_wconf 77' lang='grc' dir='ltr'><strong><em>ῦωλον</em></strong></span> <span class='ocrx_word' id='word_1_13' title='bbox 270 511 347 600; x_wconf 82' lang='grc' dir='ltr'><strong><em>εἶχε,</em></strong></span> <span class='ocrx_word' id='word_1_14' title='bbox 361 515 644 602; x_wconf 79' lang='grc' dir='ltr'><strong><em>θαυμασιωτέραν</em></strong></span> <span class='ocrx_word' id='word_1_15' title='bbox 663 518 778 607; x_wconf 90' lang='grc' dir='ltr'><strong><em>μακρῷ</em></strong></span> <span class='ocrx_word' id='word_1_16' title='bbox 799 513 841 602; x_wconf 79' lang='grc' dir='ltr'><strong><em>δή</em></strong></span> <span class='ocrx_word' id='word_1_17' title='bbox 860 542 892 584; x_wconf 90' lang='grc' dir='ltr'><strong><em>τι</em></strong></span> <span class='ocrx_word' id='word_1_18' title='bbox 907 513 990 585; x_wconf 79' lang='grc' dir='ltr'><strong><em>κατὰ</em></strong></span> <span class='ocrx_word' id='word_1_19' title='bbox 1008 518 1153 604; x_wconf 84' lang='grc' dir='ltr'><strong><em>μέγεθος</em></strong></span> 
     </span>
     <span class='ocr_line' id='line_1_4' title="bbox 75 618 1152 712; baseline 0.008 -31"><span class='ocrx_word' id='word_1_20' title='bbox 75 620 197 688; x_wconf 78' lang='grc' dir='ltr'><strong><em>196καλ</em></strong></span> <span class='ocrx_word' id='word_1_21' title='bbox 214 619 337 700; x_wconf 88' lang='grc' dir='ltr'><strong><em>κάλλος</em></strong></span> <span class='ocrx_word' id='word_1_22' title='bbox 360 618 568 708; x_wconf 74' lang='grc' dir='ltr'><strong><em>ἀνθρώπων·</em></strong></span> <span class='ocrx_word' id='word_1_23' title='bbox 594 627 681 708; x_wconf 92' lang='grc' dir='ltr'><strong><em>φασί</em></strong></span> <span class='ocrx_word' id='word_1_24' title='bbox 700 648 735 690; x_wconf 90' lang='grc' dir='ltr'><strong><em>τε</em></strong></span> <span class='ocrx_word' id='word_1_25' title='bbox 755 627 861 690; x_wconf 69' lang='grc' dir='ltr'><strong><em>εἰπεῖν</em></strong></span> <span class='ocrx_word' id='word_1_26' title='bbox 884 627 924 712; x_wconf 78' lang='grc' dir='ltr'><strong><em>τῇ</em></strong></span> <span class='ocrx_word' id='word_1_27' title='bbox 943 621 1026 712; x_wconf 86' lang='grc' dir='ltr'><strong><em>κόρη</em></strong></span> <span class='ocrx_word' id='word_1_28' title='bbox 1047 647 1152 710; x_wconf 92' lang='grc' dir='ltr'><strong><em>παρη-</em></strong></span> 
     </span>
     <span class='ocr_line' id='line_1_5' title="bbox 134 719 1152 816; baseline 0.003 -22"><span class='ocrx_word' id='word_1_29' title='bbox 134 729 308 813; x_wconf 90' lang='grc' dir='ltr'><strong><em>γοροῦντα</em></strong></span> <span class='ocrx_word' id='word_1_30' title='bbox 330 723 392 814; x_wconf 77' lang='grc' dir='ltr'><strong><em>τὴν</em></strong></span> <span class='ocrx_word' id='word_1_31' title='bbox 411 726 522 814; x_wconf 94' lang='grc' dir='ltr'><strong><em>λύπην</em></strong></span> <span class='ocrx_word' id='word_1_32' title='bbox 545 725 607 795; x_wconf 85' lang='grc' dir='ltr'><strong><em>τόν</em></strong></span> <span class='ocrx_word' id='word_1_33' title='bbox 625 727 846 816; x_wconf 83' lang='grc' dir='ltr'><strong><em>βιασάμενον,</em></strong></span> <span class='ocrx_word' id='word_1_34' title='bbox 870 731 903 810; x_wconf 78' lang='grc' dir='ltr'><strong><em>ἐξ</em></strong></span> <span class='ocrx_word' id='word_1_35' title='bbox 928 719 969 798; x_wconf 87' lang='grc' dir='ltr'><strong><em>οῦ</em></strong></span> <span class='ocrx_word' id='word_1_36' title='bbox 991 732 1152 816; x_wconf 87' lang='grc' dir='ltr'><strong><em>γενέσθαι</em></strong></span> 
     </span>
     <span class='ocr_line' id='line_1_6' title="bbox 136 825 1193 926; baseline 0.006 -28"><span class='ocrx_word' id='word_1_37' title='bbox 136 835 245 919; x_wconf 81' lang='grc' dir='ltr'><strong><em>δῆλον</em></strong></span> <span class='ocrx_word' id='word_1_38' title='bbox 266 831 317 902; x_wconf 81' lang='grc' dir='ltr'><strong><em>ὅτι</em></strong></span> <span class='ocrx_word' id='word_1_39' title='bbox 336 831 418 914; x_wconf 86' lang='grc' dir='ltr'><strong><em>θεὸς</em></strong></span> <span class='ocrx_word' id='word_1_40' title='bbox 435 825 491 920; x_wconf 80' lang='grc' dir='ltr'><strong><em>ἦν,</em></strong></span> <span class='ocrx_word' id='word_1_41' title='bbox 510 831 617 921; x_wconf 70' lang='grc' dir='ltr'><strong><em>μηθέν</em></strong></span> <span class='ocrx_word' id='word_1_42' title='bbox 636 831 805 922; x_wconf 79' lang='grc' dir='ltr'><strong><em>ἄχθεσθαι</em></strong></span> <span class='ocrx_word' id='word_1_43' title='bbox 823 838 869 926; x_wconf 89' lang='grc' dir='ltr'><strong><em>τῷ</em></strong></span> <span class='ocrx_word' id='word_1_44' title='bbox 887 833 1000 902; x_wconf 89' lang='grc' dir='ltr'><strong><em>πάθει.</em></strong></span> <span class='ocrx_word' id='word_1_45' title='bbox 1036 833 1153 924; x_wconf 82' lang='grc' dir='ltr'><strong><em>τὸγὰρ</em></strong></span> <span class='ocrx_word' id='word_1_46' title='bbox 1180 854 1193 896; x_wconf 80' lang='lat'>⁶</span> 
     </span>
     <span class='ocr_line' id='line_1_7' title="bbox 133 937 1153 1029; baseline 0.005 -23"><span class='ocrx_word' id='word_1_47' title='bbox 133 938 333 1026; x_wconf 77' lang='grc' dir='ltr'><strong><em>κοινώνημα</em></strong></span> <span class='ocrx_word' id='word_1_48' title='bbox 355 942 424 1008; x_wconf 82' lang='grc' dir='ltr'><strong><em>τῷν</em></strong></span> <span class='ocrx_word' id='word_1_49' title='bbox 447 938 566 1026; x_wconf 88' lang='grc' dir='ltr'><strong><em>γάμων</em></strong></span> <span class='ocrx_word' id='word_1_50' title='bbox 593 937 677 1028; x_wconf 78' lang='grc' dir='ltr'><strong><em>αὐτῇ</em></strong></span> <span class='ocrx_word' id='word_1_51' title='bbox 704 943 881 1028; x_wconf 87' lang='grc' dir='ltr'><strong><em>γεγονέναι</em></strong></span> <span class='ocrx_word' id='word_1_52' title='bbox 908 938 993 1029; x_wconf 86' lang='grc' dir='ltr'><strong><em>πρὸς</em></strong></span> <span class='ocrx_word' id='word_1_53' title='bbox 1015 939 1075 1010; x_wconf 85' lang='grc' dir='ltr'><strong><em>τὸν</em></strong></span> <span class='ocrx_word' id='word_1_54' title='bbox 1099 943 1153 1029; x_wconf 82' lang='grc' dir='ltr'><strong><em>ἐμ</em></strong></span> 
     </span>
     <span class='ocr_line' id='line_1_8' title="bbox 133 1043 1154 1138; baseline 0.005 -26"><span class='ocrx_word' id='word_1_55' title='bbox 133 1043 325 1130; x_wconf 83' lang='grc' dir='ltr'><strong><em>βατεύοντα</em></strong></span> <span class='ocrx_word' id='word_1_56' title='bbox 347 1050 392 1138; x_wconf 91' lang='grc' dir='ltr'><strong><em>τῷ</em></strong></span> <span class='ocrx_word' id='word_1_57' title='bbox 417 1052 529 1138; x_wconf 82' lang='grc' dir='ltr'><strong><em>χωρίφ</em></strong></span> <span class='ocrx_word' id='word_1_58' title='bbox 558 1051 720 1133; x_wconf 82' lang='grc' dir='ltr'><strong><em>δαίμονα,</em></strong></span> <span class='ocrx_word' id='word_1_59' title='bbox 747 1049 902 1129; x_wconf 75' lang='grc' dir='ltr'><strong><em>τέξεσθαι</em></strong></span> <span class='ocrx_word' id='word_1_60' title='bbox 931 1045 962 1114; x_wconf 77' lang='grc' dir='ltr'><strong><em>θ’</em></strong></span> <span class='ocrx_word' id='word_1_61' title='bbox 988 1046 1094 1135; x_wconf 76' lang='grc' dir='ltr'><strong><em>αὐτὴν</em></strong></span> <span class='ocrx_word' id='word_1_62' title='bbox 1118 1051 1154 1116; x_wconf 88' lang='grc' dir='ltr'><strong><em>ἐκ</em></strong></span> 
     </span>
     <span class='ocr_line' id='line_1_9' title="bbox 133 1151 1154 1247; baseline 0.002 -27"><span class='ocrx_word' id='word_1_63' title='bbox 133 1155 199 1220; x_wconf 89' lang='grc' dir='ltr'><strong><em>τοῦ</em></strong></span> <span class='ocrx_word' id='word_1_64' title='bbox 234 1156 380 1240; x_wconf 81' lang='grc' dir='ltr'><strong><em>βιασμοῦ</em></strong></span> <span class='ocrx_word' id='word_1_65' title='bbox 414 1152 477 1222; x_wconf 75' lang='grc' dir='ltr'><strong><em>δύο</em></strong></span> <span class='ocrx_word' id='word_1_66' title='bbox 509 1156 632 1234; x_wconf 69' lang='grc' dir='ltr'><strong><em>παῖδας</em></strong></span> <span class='ocrx_word' id='word_1_67' title='bbox 667 1151 863 1240; x_wconf 74' lang='grc' dir='ltr'><strong><em>ἀνθρώπων</em></strong></span> <span class='ocrx_word' id='word_1_68' title='bbox 895 1157 1010 1247; x_wconf 90' lang='grc' dir='ltr'><strong><em>μακρῷ</em></strong></span> <span class='ocrx_word' id='word_1_69' title='bbox 1042 1159 1154 1244; x_wconf 86' lang='grc' dir='ltr'><strong><em>κρατί-</em></strong></span> 
     </span>
     <span class='ocr_line' id='line_1_10' title="bbox 135 1256 1154 1347; baseline 0.003 -21"><span class='ocrx_word' id='word_1_70' title='bbox 135 1276 239 1337; x_wconf 87' lang='grc' dir='ltr'><strong><em>στοας</em></strong></span> <span class='ocrx_word' id='word_1_71' title='bbox 261 1256 384 1347; x_wconf 80' lang='grc' dir='ltr'><strong><em>ἀρετὴν</em></strong></span> <span class='ocrx_word' id='word_1_72' title='bbox 406 1260 462 1328; x_wconf 81' lang='grc' dir='ltr'><strong><em>καί</em></strong></span> <span class='ocrx_word' id='word_1_73' title='bbox 489 1257 530 1328; x_wconf 83' lang='grc' dir='ltr'><strong><em>τά</em></strong></span> <span class='ocrx_word' id='word_1_74' title='bbox 553 1262 703 1347; x_wconf 88' lang='grc' dir='ltr'><strong><em>πολέμια.</em></strong></span> <span class='ocrx_word' id='word_1_75' title='bbox 748 1263 851 1328; x_wconf 91' lang='grc' dir='ltr'><strong><em>ταῦτα</em></strong></span> <span class='ocrx_word' id='word_1_76' title='bbox 880 1260 917 1328; x_wconf 73' lang='grc' dir='ltr'><strong><em>δέ</em></strong></span> <span class='ocrx_word' id='word_1_77' title='bbox 941 1259 1078 1330; x_wconf 84' lang='grc' dir='ltr'><strong><em>είπόντα</em></strong></span> <span class='ocrx_word' id='word_1_78' title='bbox 1101 1262 1154 1329; x_wconf 92' lang='grc' dir='ltr'><strong><em>νέ-</em></strong></span> 
     </span>
     <span class='ocr_line' id='line_1_11' title="bbox 136 1363 1195 1456; baseline 0.002 -24"><span class='ocrx_word' id='word_1_79' title='bbox 136 1391 195 1452; x_wconf 85' lang='grc' dir='ltr'><strong><em>φει</em></strong></span> <span class='ocrx_word' id='word_1_80' title='bbox 223 1370 520 1454; x_wconf 74' lang='grc' dir='ltr'><strong><em>περικαλυφθῆναι</em></strong></span> <span class='ocrx_word' id='word_1_81' title='bbox 546 1366 601 1433; x_wconf 81' lang='grc' dir='ltr'><strong><em>καί</em></strong></span> <span class='ocrx_word' id='word_1_82' title='bbox 630 1363 695 1434; x_wconf 88' lang='grc' dir='ltr'><strong><em>ἀπὸ</em></strong></span> <span class='ocrx_word' id='word_1_83' title='bbox 724 1369 785 1454; x_wconf 79' lang='grc' dir='ltr'><strong><em>γῆς</em></strong></span> <span class='ocrx_word' id='word_1_84' title='bbox 811 1364 960 1454; x_wconf 82' lang='grc' dir='ltr'><strong><em>ἀρθέντα</em></strong></span> <span class='ocrx_word' id='word_1_85' title='bbox 988 1369 1155 1456; x_wconf 89' lang='grc' dir='ltr'><strong><em>φέρεσθαι</em></strong></span> <span class='ocrx_word' id='word_1_86' title='bbox 1170 1386 1195 1426; x_wconf 85' lang='lat'><strong><em>1⁰</em></strong></span> 
     </span>
     <span class='ocr_line' id='line_1_12' title="bbox 137 1463 1190 1559; baseline 0.003 -21"><span class='ocrx_word' id='word_1_87' title='bbox 137 1468 186 1538; x_wconf 76' lang='grc' dir='ltr'><strong><em>δι’</em></strong></span> <span class='ocrx_word' id='word_1_88' title='bbox 212 1468 310 1559; x_wconf 87' lang='grc' dir='ltr'><strong><em>ἀέρος</em></strong></span> <span class='ocrx_word' id='word_1_89' title='bbox 332 1469 413 1539; x_wconf 85' lang='grc' dir='ltr'><strong><em>ἀνω.</em></strong></span> <span class='ocrx_word' id='word_1_90' title='bbox 460 1469 549 1551; x_wconf 82' lang='grc' dir='ltr'><strong><em>ὅπως</em></strong></span> <span class='ocrx_word' id='word_1_91' title='bbox 573 1469 634 1558; x_wconf 78' lang='grc' dir='ltr'><strong><em>μέν</em></strong></span> <span class='ocrx_word' id='word_1_92' title='bbox 654 1463 718 1540; x_wconf 88' lang='grc' dir='ltr'><strong><em>οῦν</em></strong></span> <span class='ocrx_word' id='word_1_93' title='bbox 741 1469 803 1559; x_wconf 77' lang='grc' dir='ltr'><strong><em>χρὴ</em></strong></span> <span class='ocrx_word' id='word_1_94' title='bbox 822 1473 988 1558; x_wconf 78' lang='grc' dir='ltr'><strong><em>περὶτῶν</em></strong></span> <span class='ocrx_word' id='word_1_95' title='bbox 1012 1475 1190 1542; x_wconf 74' lang='grc' dir='ltr'><strong><em>τοιῷνδεῧ</em></strong></span> 
     </span>
     <span class='ocr_line' id='line_1_13' title="bbox 138 1571 1259 1668; baseline 0.002 -22"><span class='ocrx_word' id='word_1_96' title='bbox 138 1577 240 1664; x_wconf 76' lang='grc' dir='ltr'><strong><em>δόξης</em></strong></span> <span class='ocrx_word' id='word_1_97' title='bbox 272 1584 375 1666; x_wconf 87' lang='grc' dir='ltr'><strong><em>ἐχειν,</em></strong></span> <span class='ocrx_word' id='word_1_98' title='bbox 407 1577 551 1668; x_wconf 85' lang='grc' dir='ltr'><strong><em>πότερον</em></strong></span> <span class='ocrx_word' id='word_1_99' title='bbox 583 1583 809 1666; x_wconf 69' lang='grc' dir='ltr'><strong><em>καταφρονεῖν</em></strong></span> <span class='ocrx_word' id='word_1_100' title='bbox 847 1575 892 1659; x_wconf 81' lang='grc' dir='ltr'><strong><em>ὡς</em></strong></span> <span class='ocrx_word' id='word_1_101' title='bbox 923 1577 1154 1668; x_wconf 82' lang='grc' dir='ltr'><strong><em>ἀνθρωπίνων</em></strong></span> <span class='ocrx_word' id='word_1_102' title='bbox 1250 1571 1259 1596; x_wconf 78' lang='grc'><strong><em>’</em></strong></span> 
     </span>
     <span class='ocr_line' id='line_1_14' title="bbox 134 1682 1155 1775; baseline 0.003 -24"><span class='ocrx_word' id='word_1_103' title='bbox 134 1685 442 1775; x_wconf 71' lang='grc' dir='ltr'><strong><em>ῥᾳδιουργημάτων</em></strong></span> <span class='ocrx_word' id='word_1_104' title='bbox 471 1691 518 1766; x_wconf 87' lang='grc' dir='ltr'><strong><em>είς</em></strong></span> <span class='ocrx_word' id='word_1_105' title='bbox 550 1682 654 1764; x_wconf 82' lang='grc' dir='ltr'><strong><em>θεοὺς</em></strong></span> <span class='ocrx_word' id='word_1_106' title='bbox 680 1683 946 1772; x_wconf 85' lang='grc' dir='ltr'><strong><em>ἀναφερομένων</em></strong></span> <span class='ocrx_word' id='word_1_107' title='bbox 974 1686 1082 1774; x_wconf 77' lang='grc' dir='ltr'><strong><em>μηδὲν</em></strong></span> <span class='ocrx_word' id='word_1_108' title='bbox 1112 1682 1155 1754; x_wconf 86' lang='grc' dir='ltr'><strong><em>ἀν</em></strong></span> 
     </span>
     <span class='ocr_line' id='line_1_15' title="bbox 134 1789 1156 1881; baseline 0 -21"><span class='ocrx_word' id='word_1_109' title='bbox 134 1795 200 1860; x_wconf 91' lang='grc' dir='ltr'><strong><em>τοῦ</em></strong></span> <span class='ocrx_word' id='word_1_110' title='bbox 232 1797 318 1860; x_wconf 87' lang='grc' dir='ltr'><strong><em>θεοῦ</em></strong></span> <span class='ocrx_word' id='word_1_111' title='bbox 350 1791 575 1881; x_wconf 74' lang='grc' dir='ltr'><strong><em>λειτούργημα</em></strong></span> <span class='ocrx_word' id='word_1_112' title='bbox 606 1795 664 1878; x_wconf 84' lang='grc' dir='ltr'><strong><em>τῆς</em></strong></span> <span class='ocrx_word' id='word_1_113' title='bbox 696 1789 878 1878; x_wconf 83' lang='grc' dir='ltr'><strong><em>ἀφθάρτου</em></strong></span> <span class='ocrx_word' id='word_1_114' title='bbox 905 1793 961 1860; x_wconf 83' lang='grc' dir='ltr'><strong><em>καὶ</em></strong></span> <span class='ocrx_word' id='word_1_115' title='bbox 993 1799 1156 1878; x_wconf 82' lang='grc' dir='ltr'><strong><em>μακαρίας</em></strong></span> 
     </span>
     <span class='ocr_line' id='line_1_16' title="bbox 136 1893 1197 1986; baseline -0.007 -20"><span class='ocrx_word' id='word_1_116' title='bbox 136 1897 274 1985; x_wconf 87' lang='grc' dir='ltr'><strong><em>φύσεως</em></strong></span> <span class='ocrx_word' id='word_1_117' title='bbox 310 1896 450 1980; x_wconf 81' lang='grc' dir='ltr'><strong><em>ἀνάξιον</em></strong></span> <span class='ocrx_word' id='word_1_118' title='bbox 482 1895 727 1985; x_wconf 80' lang='grc' dir='ltr'><strong><em>ὑπομένοντος,</em></strong></span> <span class='ocrx_word' id='word_1_119' title='bbox 759 1893 779 1984; x_wconf 79' lang='grc' dir='ltr'><em>ἢ</em></span> <span class='ocrx_word' id='word_1_120' title='bbox 812 1897 868 1964; x_wconf 80' lang='grc' dir='ltr'><strong><em>καὶ</em></strong></span> <span class='ocrx_word' id='word_1_121' title='bbox 898 1896 1020 1977; x_wconf 86' lang='grc' dir='ltr'><strong><em>ταύτας</em></strong></span> <span class='ocrx_word' id='word_1_122' title='bbox 1051 1922 1156 1986; x_wconf 91' lang='grc' dir='ltr'><strong><em>παρα-</em></strong></span> <span class='ocrx_word' id='word_1_123' title='bbox 1171 1918 1197 1960; x_wconf 80' lang='grc' dir='ltr'><strong><em>ιι</em></strong></span> 
     </span>
     <span class='ocr_line' id='line_1_17' title="bbox 137 2001 1157 2091; baseline 0.001 -21"><span class='ocrx_word' id='word_1_124' title='bbox 137 2005 300 2090; x_wconf 73' lang='grc' dir='ltr'><strong><em>δέχεσθαι</em></strong></span> <span class='ocrx_word' id='word_1_125' title='bbox 323 2001 381 2084; x_wconf 84' lang='grc' dir='ltr'><strong><em>τὰς</em></strong></span> <span class='ocrx_word' id='word_1_126' title='bbox 404 2006 563 2091; x_wconf 87' lang='grc' dir='ltr'><strong><em>ίστορίας,</em></strong></span> <span class='ocrx_word' id='word_1_127' title='bbox 587 2001 632 2083; x_wconf 78' lang='grc' dir='ltr'><strong><em>ὡς</em></strong></span> <span class='ocrx_word' id='word_1_128' title='bbox 654 2001 926 2091; x_wconf 89' lang='grc' dir='ltr'><strong><em>ἀνακεκραμένης</em></strong></span> <span class='ocrx_word' id='word_1_129' title='bbox 947 2007 1006 2090; x_wconf 81' lang='grc' dir='ltr'><strong><em>τῆς</em></strong></span> <span class='ocrx_word' id='word_1_130' title='bbox 1028 2001 1157 2090; x_wconf 86' lang='grc' dir='ltr'><strong><em>ἀπάσης</em></strong></span> 
     </span>
     <span class='ocr_line' id='line_1_18' title="bbox 140 2107 1216 2198; baseline 0 -20"><span class='ocrx_word' id='word_1_131' title='bbox 140 2107 260 2189; x_wconf 81' lang='grc' dir='ltr'><strong><em>οὐσίας</em></strong></span> <span class='ocrx_word' id='word_1_132' title='bbox 281 2115 343 2178; x_wconf 91' lang='grc' dir='ltr'><strong><em>τοῦ</em></strong></span> <span class='ocrx_word' id='word_1_133' title='bbox 366 2109 497 2198; x_wconf 91' lang='grc' dir='ltr'><strong><em>κόσμου</em></strong></span> <span class='ocrx_word' id='word_1_134' title='bbox 519 2111 575 2178; x_wconf 81' lang='grc' dir='ltr'><strong><em>καί</em></strong></span> <span class='ocrx_word' id='word_1_135' title='bbox 598 2107 720 2196; x_wconf 83' lang='grc' dir='ltr'><strong><em>μεταξὺ</em></strong></span> <span class='ocrx_word' id='word_1_136' title='bbox 742 2113 803 2178; x_wconf 90' lang='grc' dir='ltr'><strong><em>τοῦ</em></strong></span> <span class='ocrx_word' id='word_1_137' title='bbox 823 2114 925 2178; x_wconf 91' lang='grc' dir='ltr'><strong><em>θείου</em></strong></span> <span class='ocrx_word' id='word_1_138' title='bbox 947 2110 1003 2178; x_wconf 82' lang='grc' dir='ltr'><strong><em>καὶ</em></strong></span> <span class='ocrx_word' id='word_1_139' title='bbox 1025 2115 1158 2197; x_wconf 84' lang='grc' dir='ltr'><strong><em>θνητοῦ</em></strong></span> <span class='ocrx_word' id='word_1_140' title='bbox 1209 2118 1216 2132; x_wconf 84' lang='grc'><em>“</em></span> 
     </span>
     <span class='ocr_line' id='line_1_19' title="bbox 137 2213 1158 2305; baseline -0.001 -20"><span class='ocrx_word' id='word_1_141' title='bbox 137 2220 263 2304; x_wconf 81' lang='grc' dir='ltr'><strong><em>γένους</em></strong></span> <span class='ocrx_word' id='word_1_142' title='bbox 285 2223 397 2305; x_wconf 85' lang='grc' dir='ltr'><strong><em>τρίτης</em></strong></span> <span class='ocrx_word' id='word_1_143' title='bbox 419 2215 513 2296; x_wconf 90' lang='grc' dir='ltr'><strong><em>τινὸς</em></strong></span> <span class='ocrx_word' id='word_1_144' title='bbox 534 2213 751 2304; x_wconf 83' lang='grc' dir='ltr'><strong><em>ὑπαρχούσης</em></strong></span> <span class='ocrx_word' id='word_1_145' title='bbox 773 2215 922 2304; x_wconf 89' lang='grc' dir='ltr'><strong><em>φύσεως,</em></strong></span> <span class='ocrx_word' id='word_1_146' title='bbox 951 2213 996 2304; x_wconf 83' lang='grc' dir='ltr'><strong><em>ἣν</em></strong></span> <span class='ocrx_word' id='word_1_147' title='bbox 1023 2215 1061 2285; x_wconf 88' lang='grc' dir='ltr'><strong><em>τὸ</em></strong></span> <span class='ocrx_word' id='word_1_148' title='bbox 1086 2219 1158 2284; x_wconf 80' lang='grc' dir='ltr'><strong><em>δαι-</em></strong></span> 
     </span>
     <span class='ocr_line' id='line_1_20' title="bbox 138 2320 1158 2411; baseline 0 -22"><span class='ocrx_word' id='word_1_149' title='bbox 138 2322 258 2411; x_wconf 90' lang='grc' dir='ltr'><strong><em>μόνων</em></strong></span> <span class='ocrx_word' id='word_1_150' title='bbox 287 2327 399 2410; x_wconf 90' lang='grc' dir='ltr'><strong><em>φῦλον</em></strong></span> <span class='ocrx_word' id='word_1_151' title='bbox 428 2325 549 2410; x_wconf 85' lang='grc' dir='ltr'><strong><em>ἐπέχει,</em></strong></span> <span class='ocrx_word' id='word_1_152' title='bbox 581 2321 656 2390; x_wconf 80' lang='grc' dir='ltr'><strong><em>τοτέ</em></strong></span> <span class='ocrx_word' id='word_1_153' title='bbox 683 2321 745 2410; x_wconf 72' lang='grc' dir='ltr'><strong><em>μὲν</em></strong></span> <span class='ocrx_word' id='word_1_154' title='bbox 775 2320 988 2410; x_wconf 76' lang='grc' dir='ltr'><strong><em>ἀνθρώποις,</em></strong></span> <span class='ocrx_word' id='word_1_155' title='bbox 1019 2322 1093 2392; x_wconf 74' lang='grc' dir='ltr'><strong><em>τοτὲ</em></strong></span> <span class='ocrx_word' id='word_1_156' title='bbox 1121 2321 1158 2390; x_wconf 76' lang='grc' dir='ltr'><strong><em>δέ</em></strong></span> 
     </span>
     <span class='ocr_line' id='line_1_21' title="bbox 137 2420 1199 2526; baseline -0.007 -28"><span class='ocrx_word' id='word_1_157' title='bbox 137 2439 237 2510; x_wconf 72' lang='grc' dir='ltr'><strong><em>θεοῖς</em></strong></span> <span class='ocrx_word' id='word_1_158' title='bbox 258 2429 533 2517; x_wconf 89' lang='grc' dir='ltr'><strong><em>ἐπιμιγνύμενον,</em></strong></span> <span class='ocrx_word' id='word_1_159' title='bbox 552 2431 585 2510; x_wconf 79' lang='grc' dir='ltr'><strong><em>ἐξ</em></strong></span> <span class='ocrx_word' id='word_1_160' title='bbox 605 2420 646 2496; x_wconf 85' lang='grc' dir='ltr'><strong><em>ού</em></strong></span> <span class='ocrx_word' id='word_1_161' title='bbox 670 2426 687 2498; x_wconf 87' lang='grc' dir='ltr'>ὁ</span> <span class='ocrx_word' id='word_1_162' title='bbox 707 2429 807 2515; x_wconf 92' lang='grc' dir='ltr'><strong><em>λόγος</em></strong></span> <span class='ocrx_word' id='word_1_163' title='bbox 827 2427 949 2526; x_wconf 80' lang='grc' dir='ltr'><strong><em>ἔχειτὰ</em></strong></span> <span class='ocrx_word' id='word_1_164' title='bbox 969 2428 1158 2516; x_wconf 84' lang='grc' dir='ltr'><strong><em>μνθευόμε-</em></strong></span> <span class='ocrx_word' id='word_1_165' title='bbox 1172 2449 1199 2490; x_wconf 80' lang='grc' dir='ltr'><strong><em>νο</em></strong></span> 
     </span>
     <span class='ocr_line' id='line_1_22' title="bbox 77 2527 1158 2626; baseline 0 -22"><span class='ocrx_word' id='word_1_166' title='bbox 77 2552 208 2604; x_wconf 77' lang='grc' dir='ltr'><strong><em>197νον</em></strong></span> <span class='ocrx_word' id='word_1_167' title='bbox 232 2533 354 2626; x_wconf 76' lang='grc' dir='ltr'><strong><em>ἡρώων</em></strong></span> <span class='ocrx_word' id='word_1_168' title='bbox 372 2539 479 2624; x_wconf 91' lang='grc' dir='ltr'><strong><em>φῦναι</em></strong></span> <span class='ocrx_word' id='word_1_169' title='bbox 502 2539 616 2622; x_wconf 87' lang='grc' dir='ltr'><strong><em>γένος,</em></strong></span> <span class='ocrx_word' id='word_1_170' title='bbox 646 2535 722 2604; x_wconf 85' lang='grc' dir='ltr'><strong><em>ούτε</em></strong></span> <span class='ocrx_word' id='word_1_171' title='bbox 745 2535 863 2625; x_wconf 87' lang='grc' dir='ltr'><strong><em>καιρὸς</em></strong></span> <span class='ocrx_word' id='word_1_172' title='bbox 886 2537 991 2626; x_wconf 89' lang='grc' dir='ltr'><strong><em>ἐντῷ</em></strong></span> <span class='ocrx_word' id='word_1_173' title='bbox 1015 2527 1158 2624; x_wconf 82' lang='grc' dir='ltr'><strong><em>παρόντι</em></strong></span> 
     </span>
     <span class='ocr_line' id='line_1_23' title="bbox 142 2639 1158 2731; baseline -0.001 -22"><span class='ocrx_word' id='word_1_174' title='bbox 142 2646 340 2710; x_wconf 77' lang='grc' dir='ltr'><strong><em>διασκοπεῖν</em></strong></span> <span class='ocrx_word' id='word_1_175' title='bbox 377 2640 474 2731; x_wconf 77' lang='grc' dir='ltr'><strong><em>ἀρκεῖ</em></strong></span> <span class='ocrx_word' id='word_1_176' title='bbox 507 2669 543 2710; x_wconf 90' lang='grc' dir='ltr'><strong><em>τε</em></strong></span> <span class='ocrx_word' id='word_1_177' title='bbox 584 2641 647 2710; x_wconf 83' lang='grc' dir='ltr'><strong><em>ὅσα</em></strong></span> <span class='ocrx_word' id='word_1_178' title='bbox 681 2641 893 2730; x_wconf 76' lang='grc' dir='ltr'><strong><em>’φιλοσόφοις</em></strong></span> <span class='ocrx_word' id='word_1_179' title='bbox 933 2642 1009 2728; x_wconf 79' lang='grc' dir='ltr'><strong><em>περὶ</em></strong></span> <span class='ocrx_word' id='word_1_180' title='bbox 1046 2639 1158 2710; x_wconf 80' lang='grc' dir='ltr'><strong><em>αὐτῶν</em></strong></span> 
     </span>
     <span class='ocr_line' id='line_1_24' title="bbox 139 2741 1195 2838; baseline -0.001 -21"><span class='ocrx_word' id='word_1_181' title='bbox 139 2751 272 2836; x_wconf 82' lang='grc' dir='ltr'><strong><em>ἐλέχθη.</em></strong></span> <span class='ocrx_word' id='word_1_182' title='bbox 317 2745 337 2836; x_wconf 78' lang='grc' dir='ltr'><em>ἡ</em></span> <span class='ocrx_word' id='word_1_183' title='bbox 364 2747 396 2816; x_wconf 75' lang='grc' dir='ltr'><strong><em>θ’</em></strong></span> <span class='ocrx_word' id='word_1_184' title='bbox 423 2741 485 2818; x_wconf 83' lang='grc' dir='ltr'><strong><em>οὖν</em></strong></span> <span class='ocrx_word' id='word_1_185' title='bbox 508 2749 593 2838; x_wconf 93' lang='grc' dir='ltr'><strong><em>κόρη</em></strong></span> <span class='ocrx_word' id='word_1_186' title='bbox 617 2748 698 2838; x_wconf 81' lang='grc' dir='ltr'><strong><em>μετὰ</em></strong></span> <span class='ocrx_word' id='word_1_187' title='bbox 717 2746 778 2818; x_wconf 88' lang='grc' dir='ltr'><strong><em>τὸν</em></strong></span> <span class='ocrx_word' id='word_1_188' title='bbox 802 2745 948 2836; x_wconf 81' lang='grc' dir='ltr'><strong><em>βιασμὸν</em></strong></span> <span class='ocrx_word' id='word_1_189' title='bbox 972 2745 1195 2838; x_wconf 81' lang='grc' dir='ltr'><strong><em>ἀρρωστείν4</em></strong></span> 
     </span>
     <span class='ocr_line' id='line_1_25' title="bbox 140 2852 1157 2946; baseline -0.002 -22"><span class='ocrx_word' id='word_1_190' title='bbox 140 2857 337 2943; x_wconf 77' lang='grc' dir='ltr'><strong><em>σκηψαμένη</em></strong></span> <span class='ocrx_word' id='word_1_191' title='bbox 380 2857 493 2946; x_wconf 87' lang='grc' dir='ltr'><strong><em>(τοῦτο</em></strong></span> <span class='ocrx_word' id='word_1_192' title='bbox 535 2855 599 2945; x_wconf 82' lang='grc' dir='ltr'><strong><em>γὰρ</em></strong></span> <span class='ocrx_word' id='word_1_193' title='bbox 636 2854 720 2945; x_wconf 77' lang='grc' dir='ltr'><strong><em>αύτῷ</em></strong></span> <span class='ocrx_word' id='word_1_194' title='bbox 762 2855 952 2946; x_wconf 83' lang='grc' dir='ltr'><strong><em>παρῄνεσεν</em></strong></span> <span class='ocrx_word' id='word_1_195' title='bbox 989 2852 1010 2942; x_wconf 84' lang='grc' dir='ltr'><em>ἡ</em></span> <span class='ocrx_word' id='word_1_196' title='bbox 1049 2853 1157 2942; x_wconf 82' lang='grc' dir='ltr'><strong><em>μήτηρ</em></strong></span> 
     </span>
    </p>
   </div>
   <div class='ocr_carea' id='block_1_3' title="bbox 140 3079 1161 3574">
    <p class='ocr_par' dir='ltr' id='par_1_3' title="bbox 140 3079 1161 3574">
     <span class='ocr_line' id='line_1_26' title="bbox 216 3079 1159 3155; baseline 0 -17"><span class='ocrx_word' id='word_1_197' title='bbox 216 3086 299 3140; x_wconf 61' lang='lat' dir='ltr'><strong><em>lund</em></strong></span> <span class='ocrx_word' id='word_1_198' title='bbox 318 3081 388 3155; x_wconf 82' lang='grc' dir='ltr'><strong><em>ὅφιν</em></strong></span> <span class='ocrx_word' id='word_1_199' title='bbox 411 3083 443 3140; x_wconf 74' lang='grc' dir='ltr'><strong><em>δὲ</em></strong></span> <span class='ocrx_word' id='word_1_200' title='bbox 467 3084 513 3140; x_wconf 85' lang='lat' dir='ltr'><strong><em>vel</em></strong></span> <span class='ocrx_word' id='word_1_201' title='bbox 532 3079 567 3154; x_wconf 81' lang='grc' dir='ltr'><strong><em>δὴ</em></strong></span> <span class='ocrx_word' id='word_1_202' title='bbox 592 3102 615 3141; x_wconf 89' lang='grc' dir='ltr'><strong><em>ο.</em></strong></span> <span class='ocrx_word' id='word_1_203' title='bbox 634 3085 745 3141; x_wconf 68' lang='lat' dir='ltr'><strong>Urlichs</strong></span> <span class='ocrx_word' id='word_1_204' title='bbox 768 3086 855 3142; x_wconf 81' lang='lat' dir='ltr'>EosI</span> <span class='ocrx_word' id='word_1_205' title='bbox 878 3104 904 3155; x_wconf 89' lang='lat' dir='ltr'><strong><em>p.</em></strong></span> <span class='ocrx_word' id='word_1_206' title='bbox 925 3091 977 3140; x_wconf 77' lang='lat'><strong><em>324</em></strong></span> <span class='ocrx_word' id='word_1_207' title='bbox 1032 3084 1082 3138; x_wconf 84' lang='grc' dir='ltr'><strong><em>καλ</em></strong></span> <span class='ocrx_word' id='word_1_208' title='bbox 1105 3083 1159 3138; x_wconf 81' lang='lat' dir='ltr'>del.</span> 
     </span>
     <span class='ocr_line' id='line_1_27' title="bbox 140 3148 1160 3230; baseline -0.002 -20"><span class='ocrx_word' id='word_1_209' title='bbox 140 3155 285 3226; x_wconf 80' lang='lat' dir='ltr'><strong>Kiessling</strong></span> <span class='ocrx_word' id='word_1_210' title='bbox 356 3151 471 3230; x_wconf 81' lang='grc' dir='ltr'>2δ&lt;ή&gt;</span> <span class='ocrx_word' id='word_1_211' title='bbox 490 3176 517 3210; x_wconf 94' lang='grc' dir='ltr'><strong><em>τι</em></strong></span> <span class='ocrx_word' id='word_1_212' title='bbox 536 3157 559 3210; x_wconf 94' lang='grc' dir='ltr'><strong>Β</strong></span> <span class='ocrx_word' id='word_1_213' title='bbox 577 3149 595 3224; x_wconf 82' lang='grc' dir='ltr'>ἢ</span> <span class='ocrx_word' id='word_1_214' title='bbox 616 3173 638 3212; x_wconf 89' lang='grc' dir='ltr'><strong><em>ο.</em></strong></span> <span class='ocrx_word' id='word_1_215' title='bbox 658 3155 800 3228; x_wconf 77' lang='lat' dir='ltr'><strong>Kiessling</strong></span> <span class='ocrx_word' id='word_1_216' title='bbox 873 3148 944 3224; x_wconf 77' lang='grc' dir='ltr'><strong><em>θῆν</em></strong></span> <span class='ocrx_word' id='word_1_217' title='bbox 962 3175 999 3210; x_wconf 92' lang='grc' dir='ltr'><strong><em>κα</em></strong></span> <span class='ocrx_word' id='word_1_218' title='bbox 1031 3151 1160 3226; x_wconf 75' lang='grc' dir='ltr'><strong><em>μηθλνΑ</em></strong></span> 
     </span>
     <span class='ocr_line' id='line_1_28' title="bbox 180 3219 1160 3314; baseline -0.001 -33"><span class='ocrx_word' id='word_1_219' title='bbox 180 3233 213 3281; x_wconf 90' lang='grc'><strong><em>11</em></strong></span> <span class='ocrx_word' id='word_1_220' title='bbox 239 3221 315 3290; x_wconf 79' lang='grc' dir='ltr'><strong><em>ὅπως</em></strong></span> <span class='ocrx_word' id='word_1_221' title='bbox 338 3225 390 3297; x_wconf 71' lang='grc' dir='ltr'><strong><em>μὲν</em></strong></span> <span class='ocrx_word' id='word_1_222' title='bbox 414 3227 458 3282; x_wconf 82' lang='lat' dir='ltr'><strong><em>bis</em></strong></span> <span class='ocrx_word' id='word_1_223' title='bbox 482 3226 586 3297; x_wconf 73' lang='lat' dir='ltr'><strong>scripta</strong></span> <span class='ocrx_word' id='word_1_224' title='bbox 608 3226 631 3279; x_wconf 93' lang='lat' dir='ltr'><strong>B</strong></span> <span class='ocrx_word' id='word_1_225' title='bbox 715 3234 746 3282; x_wconf 89' lang='lat'><strong><em>13</em></strong></span> <span class='ocrx_word' id='word_1_226' title='bbox 766 3225 857 3297; x_wconf 68' lang='grc' dir='ltr'><strong><em>μηδὲν</em></strong></span> <span class='ocrx_word' id='word_1_227' title='bbox 880 3219 916 3280; x_wconf 84' lang='grc' dir='ltr'><strong><em>ἀν</em></strong></span> <span class='ocrx_word' id='word_1_228' title='bbox 939 3227 989 3280; x_wconf 89' lang='grc' dir='ltr'><strong><em>τοῦ</em></strong></span> <span class='ocrx_word' id='word_1_229' title='bbox 1013 3229 1038 3280; x_wconf 87' lang='lat' dir='ltr'>A</span> <span class='ocrx_word' id='word_1_230' title='bbox 1070 3224 1160 3314; x_wconf 74' lang='grc' dir='ltr'><strong><em>μηδὲν</em></strong></span> 
     </span>
     <span class='ocr_line' id='line_1_29' title="bbox 141 3292 1159 3369; baseline 0 -17"><span class='ocrx_word' id='word_1_231' title='bbox 141 3295 234 3353; x_wconf 89' lang='grc' dir='ltr'><strong><em>αύτοῦ</em></strong></span> <span class='ocrx_word' id='word_1_232' title='bbox 253 3299 298 3354; x_wconf 76' lang='lat' dir='ltr'><strong><em>Ba</em></strong></span> <span class='ocrx_word' id='word_1_233' title='bbox 323 3296 413 3369; x_wconf 74' lang='grc' dir='ltr'><strong><em>μηδὲν</em></strong></span> <span class='ocrx_word' id='word_1_234' title='bbox 432 3292 469 3352; x_wconf 85' lang='grc' dir='ltr'><strong><em>ἀν</em></strong></span> <span class='ocrx_word' id='word_1_235' title='bbox 488 3295 578 3352; x_wconf 91' lang='grc' dir='ltr'><strong><em>αύτοῦ</em></strong></span> <span class='ocrx_word' id='word_1_236' title='bbox 597 3297 646 3352; x_wconf 91' lang='lat' dir='ltr'><strong><em>Bb</em></strong></span> <span class='ocrx_word' id='word_1_237' title='bbox 721 3303 824 3353; x_wconf 77' lang='lat'><strong>13—15</strong></span> <span class='ocrx_word' id='word_1_238' title='bbox 844 3297 930 3352; x_wconf 77' lang='lat' dir='ltr'>verba</span> <span class='ocrx_word' id='word_1_239' title='bbox 948 3295 1159 3367; x_wconf 73' lang='grc' dir='ltr'><strong><em>μηθὲν-υπο-</em></strong></span> 
     </span>
     <span class='ocr_line' id='line_1_30' title="bbox 141 3367 1161 3440; baseline -0.001 -16"><span class='ocrx_word' id='word_1_240' title='bbox 141 3368 279 3440; x_wconf 80' lang='grc' dir='ltr'><strong><em>μένοντος</em></strong></span> <span class='ocrx_word' id='word_1_241' title='bbox 308 3370 337 3424; x_wconf 86' lang='lat' dir='ltr'><strong><em>in</em></strong></span> <span class='ocrx_word' id='word_1_242' title='bbox 366 3369 553 3439; x_wconf 80' lang='lat' dir='ltr'><strong>suspicionem</strong></span> <span class='ocrx_word' id='word_1_243' title='bbox 580 3372 663 3424; x_wconf 81' lang='lat' dir='ltr'><strong>vocat</strong></span> <span class='ocrx_word' id='word_1_244' title='bbox 693 3369 838 3424; x_wconf 75' lang='lat' dir='ltr'><strong>Meutzner</strong></span> <span class='ocrx_word' id='word_1_245' title='bbox 862 3367 880 3422; x_wconf 92' lang='lat' dir='ltr'><strong><em>l.</em></strong></span> <span class='ocrx_word' id='word_1_246' title='bbox 900 3368 918 3422; x_wconf 94' lang='lat' dir='ltr'><strong><em>l.</em></strong></span> <span class='ocrx_word' id='word_1_247' title='bbox 1007 3372 1039 3422; x_wconf 78' lang='lat'><strong><em>1⁸</em></strong></span> <span class='ocrx_word' id='word_1_248' title='bbox 1068 3370 1161 3438; x_wconf 83' lang='grc' dir='ltr'><strong><em>τρίτης</em></strong></span> 
     </span>
     <span class='ocr_line' id='line_1_31' title="bbox 140 3433 1160 3566; baseline -0.002 -72"><span class='ocrx_word' id='word_1_249' title='bbox 140 3435 393 3566; x_wconf 33' lang='grc' dir='ltr'><strong><em>τινὸςεοωόληῆ</em></strong></span> <span class='ocrx_word' id='word_1_250' title='bbox 413 3459 436 3495; x_wconf 85' lang='grc' dir='ltr'><strong><em>ο.</em></strong></span> <span class='ocrx_word' id='word_1_251' title='bbox 455 3439 557 3496; x_wconf 72' lang='lat' dir='ltr'><strong>Portus</strong></span> <span class='ocrx_word' id='word_1_252' title='bbox 617 3447 649 3494; x_wconf 78' lang='lat'><strong><em>21</em></strong></span> <span class='ocrx_word' id='word_1_253' title='bbox 670 3435 764 3508; x_wconf 77' lang='grc' dir='ltr'><strong><em>ἡρῶον</em></strong></span> <span class='ocrx_word' id='word_1_254' title='bbox 782 3440 858 3494; x_wconf 81' lang='grc' dir='ltr'><strong><em>ΑΒο</em></strong></span> <span class='ocrx_word' id='word_1_255' title='bbox 916 3444 950 3493; x_wconf 78' lang='lat'><strong><em>22</em></strong></span> <span class='ocrx_word' id='word_1_256' title='bbox 970 3433 1024 3493; x_wconf 82' lang='grc' dir='ltr'><strong><em>ὅσα</em></strong></span> <span class='ocrx_word' id='word_1_257' title='bbox 1044 3438 1160 3508; x_wconf 80' lang='lat' dir='ltr'><strong>Stepha-</strong></span> 
     </span>
     <span class='ocr_line' id='line_1_32' title="bbox 143 3529 361 3574; baseline 0.014 -9"><span class='ocrx_word' id='word_1_258' title='bbox 143 3529 196 3565; x_wconf 84' lang='lat' dir='ltr'><strong><em>nus</em></strong></span> <span class='ocrx_word' id='word_1_259' title='bbox 217 3531 255 3574; x_wconf 88' lang='grc' dir='ltr'><strong><em>ως</em></strong></span> <span class='ocrx_word' id='word_1_260' title='bbox 358 3562 361 3568; x_wconf 95' lang='grc'>.</span> 
     </span>
    </p>
   </div>
   <div class='ocr_carea' id='block_1_4' title="bbox 0 0 1348 3984">
    <p class='ocr_par' dir='ltr' id='par_1_4' title="bbox 0 0 1348 3984">
     <span class='ocr_line' id='line_1_33' title="bbox 0 0 1348 3984; baseline 0 0"><span class='ocrx_word' id='word_1_261' title='bbox 0 0 1348 3984; x_wconf 95' lang='lat' dir='ltr'><strong><em> </em></strong></span> 
     </span>
    </p>
   </div>
  </div>
 </body>
</html>
