2698 3982
559 285 724 335 -Α-
1106 279 1148 344 27

135 440 275 521 σθένεις
311 443 456 510 ἐκλιπεῖν
494 441 647 510 σύνοικοι
682 447 837 528 γίνονται
867 455 938 522 τοῖς
966 439 1150 529 Ἀβοριγῖσι

135 548 192 614 καί
221 549 319 636 κοινῇ
353 545 422 634 μετ’
453 549 592 616 ἐκείνων
619 549 807 635 ἐπολέμουν
838 546 922 637 πρὸς
950 545 1030 627 τούς
1057 558 1149 616 Σικε-

139 653 241 733 λούς..
273 655 429 735 ἐδέξαντο
460 654 499 723 δὲ
527 651 649 734 αύτούς
679 657 714 722 οί
732 651 951 742 Ἀβοριγῖνες,
980 661 1060 734 ἴσως
1087 653 1149 742 μὲν

136 761 192 828 καί
214 756 298 828 κατὰ
319 758 382 848 τὴν
405 765 466 830 τοῦ
490 759 775 849 ὠφεληθήσεσθαι
798 763 930 847 ἐλπίδα,
959 757 1003 841 ὡς
1027 759 1058 828 δ’
1084 758 1149 847 ἐγὼ

135 871 298 954 πείθομαι
320 865 403 934 κατδι
425 864 463 936 τὸ
487 866 646 954 συγγενὲς
673 867 823 954 μάλιστα.
868 859 912 955 ἦν
940 865 1004 954 γὰρ
1028 866 1070 954 δὴ
1093 837 1189 966 καὶ,2

134 972 172 1042 τὸ
205 977 274 1042 τῶν
303 977 489 1060 Πελασγῶν
520 977 619 1060 γένος
640 971 839 1060 Ἑλληνικὸν
868 976 905 1042 ἐκ
931 973 1148 1061 Πελοποννή·

136 1099 200 1148 σου
226 1078 265 1148 τὸ
293 1077 451 1186 ύρχοχίον,
478 1080 639 1168 ἐχρήσατο
669 1079 706 1148 δέ
732 1080 848 1167 τύχαις
871 1080 1074 1167 δυσπότμοις
1102 1085 1150 1160 είς

136 1183 243 1254 πολλδι
266 1185 329 1273 μὲν
351 1187 407 1253 καὶ
430 1183 525 1272 ἄλλα,
548 1185 690 1272 μάλιστα
715 1183 746 1252 δ’
772 1189 821 1266 είς
846 1183 908 1273 τὴν
930 1184 1148 1255 πολύπλανόν

135 1319 170 1361 τε
196 1294 253 1360 καὶ
281 1289 423 1372 οὐδενὸς
451 1291 557 1360 τόπου
586 1293 726 1379 βέβαιον
750 1301 898 1379 οίκησιν,
921 1296 1055 1380 πρῶτον
1086 1291 1148 1380 μδν

76 1425 112 1475 46
135 1398 199 1487 γὰρ
222 1401 299 1486 περὶ
320 1397 358 1468 τὸ
382 1398 593 1486 καλούμενον
616 1402 682 1468 νῦν
702 1397 990 1487 ἈχαικόνἍργος
1013 1397 1148 1491 ᾤκησαν
1163 1423 1189 1463 10

55 1535 57 1540 ·
136 1505 344 1593 αὐτόχθονες
371 1505 482 1592 ὄντες,
506 1503 551 1586 ὡς
574 1510 609 1573 οί
629 1506 748 1576 πολλοὶ
770 1506 846 1594 περὶ
869 1503 980 1574 αὐτῶν
1004 1508 1147 1592 λέγουσι.

134 1613 197 1700 τὴν
225 1612 263 1680 δέ
290 1614 485 1700 ἐπωνυμίαν
514 1618 635 1698 ἔλαβον
664 1613 697 1694 ἐξ
724 1610 829 1700 ἀρχῆς
854 1611 979 1699 ταύτην
1003 1614 1055 1680 ἐπὶ
1087 1616 1148 1682 τοῦ

138 1723 317 1806 Πελασγοῦ
339 1722 510 1806 βασιλέως.
556 1711 599 1806 ἦν
624 1718 661 1786 δὲ
685 1716 703 1787 ό
727 1719 902 1805 Πελασγὸς
925 1722 960 1788 ἐκ
985 1717 1081 1805 Διὸς,
1104 1717 1187 1799 ὦς3

136 1829 277 1913 λέγεται,
300 1826 355 1893 καὶ
378 1825 510 1912 Νιόβης
531 1830 591 1912 τῆς
611 1827 807 1913 Φορωνέως,
830 1816 851 1913 ᾗ
873 1824 988 1913 πρώτη
1011 1827 1148 1911 γυναικί

135 1936 246 2020 θνητῇ
279 1937 429 2019 μίσγεται
462 1929 480 2000 ὁ
510 1930 593 2012 Ζεύς
626 1929 670 2012 ὡς
697 1930 715 2000 ό
748 1935 858 2018 μῦθος
886 1935 960 2018 ἔχει.
1007 1933 1081 2019 ἕκτη
1113 1930 1144 1999 δ’
1163 1956 1188 1996 ιε

134 2037 279 2128 ὕστερον
301 2041 400 2128 γενεᾷ
422 2037 690 2124 Πελοπόννησον
710 2035 901 2118 ἐκλιπόντες
923 2041 971 2116 είς
992 2034 1055 2124 τὴν
1073 2036 1148 2106 τότε

129 2145 195 2233 ’μὲν
218 2149 404 2232 Αίμονίαυ,
427 2149 493 2214 νύν
517 2144 555 2213 δὲ
584 2149 765 2213 Θετταλίαν
794 2141 1046 2231 ὀνομαζομένην
1074 2172 1147 2232 μετ-

136 2255 340 2339 ανέστησαν·
376 2249 522 2339 ἡγοῦντο
560 2251 598 2321 δέ
631 2256 690 2340 τῆς
725 2250 879 2332 ἀποικίας
919 2249 1048 2338 Ἀχαιὸς
1091 2253 1148 2320 καὶ

141 2366 250 2437 Φθίος
271 2359 326 2426 καί
341 2356 516 2444 Πελασγὸς
539 2361 575 2426 οί
586 2364 736 2446 Λαρίσης
757 2361 813 2428 καὶ
828 2362 1046 2438 Ποσειδῶνος
1067 2361 1146 2428 υίοί.
1173 2363 1176 2368 ’

131 2463 335 2552 οίφικόμενοι
365 2461 397 2530 δ’
428 2469 475 2543 είς
501 2461 564 2550 τὴν
592 2467 762 2552 Αἱμονίαν
788 2465 868 2545 τούς
894 2492 928 2534 τε
951 2469 1145 2534 κατοικοῦν-
1159 2489 1186 2529 ιο

130 2599 193 2652 τας
225 2573 262 2639 ἐν
295 2569 379 2659 αὐτῇ
412 2570 605 2658 βαρβάρους
642 2571 858 2652 ἐξελαύνουσι
893 2573 948 2640 καὶ
985 2575 1147 2659 νέμονται

134 2678 195 2766 τὴν
227 2676 341 2766 χιόραν
373 2681 488 2766 τριχῇ,
519 2692 590 2757 τοίς
621 2675 761 2765 ἡγεμόσι
787 2678 987 2767 ποιήσαντες
1015 2675 1146 2764 ὁμωνύ-

15 2828 43 2867 ·.
133 2813 216 2874 μους
237 2782 296 2863 τὰς
319 2789 448 2870 μοίρας,
475 2787 628 2852 Φθιῶτιν
651 2786 707 2852 καὶ
726 2783 861 2872 Ἀχαΐαν
883 2787 939 2853 καί
953 2789 1147 2870 Πελασγιῶ-

7 2933 10 2938 -
131 2921 194 2962 τιν.
217 2893 339 2960 επέντε
368 2889 405 2957 δὲ
433 2895 606 2976 μείναντες
632 2888 756 2960 αὐτόθι
783 2892 919 2978 γενεάς,
947 2893 985 2960 ἐν
1013 2886 1065 2971 αἷς
1093 2893 1146 2960 ἐπὶ

133 2998 295 3088 μήκιστον
328 2993 482 3084 εὐτυχίας
512 2995 642 3083 ἤλασαν
673 2994 714 3064 τὰ
744 2996 902 3086 κράτιστα
933 3002 1002 3066 τῶν
1035 3000 1072 3066 ἐν
1104 3002 1144 3086 τῇ
1160 3019 1186 3058 2⁵

132 3108 293 3194 Θετταλίᾳ
314 3105 441 3170 πεδίων
464 3102 702 3190 καρπούμενοι,
724 3105 800 3191 περὶ
822 3101 884 3191 τὴν
904 3106 1002 3191 ἕκτην
1025 3102 1145 3190 γενεὰν

203 3271 219 3320 8
238 3258 422 3318 πολύπλανόν
444 3262 535 3321 καδΒ
625 3269 657 3316 11
682 3259 712 3316 οἱ
734 3279 788 3318 om.
807 3263 829 3316 Β
852 3265 856 3331 Ι
876 3264 945 3331 περὶ
971 3258 1066 3318 αὐτόν
1090 3265 1144 3319 del.

134 3334 235 3390 Reiske
309 3340 343 3388 12
371 3329 419 3388 ἐπί
440 3335 464 3388 Β
488 3328 546 3388 ύπὸ
569 3334 594 3388 R
667 3339 701 3387 14
728 3329 825 3406 νιόβης
852 3335 941 3403 τῇςΒ
969 3335 1018 3402 τῆς
1047 3330 1146 3408 νιόβης

134 3406 227 3460 τούΒ
296 3411 330 3459 15
344 3407 476 3475 μίγνυται
499 3406 522 3459 Β
588 3410 621 3459 16
636 3399 853 3467 ἐκλείποντεςΒ
917 3412 949 3460 19
968 3407 1082 3476 λαρίσης
1100 3407 1146 3462 Ba

134 3479 262 3545 λαρίσσης
280 3477 306 3530 R
360 3483 393 3530 23
413 3477 539 3545 φθιύτιν
557 3475 607 3530 καί
624 3475 794 3544 πελολγιῶτιν
808 3476 857 3531 καὶ
875 3470 1018 3546 ἄχαΐανΒ
1035 3473 1145 3548 Ἀχαΐαν

134 3549 181 3602 καλ
201 3547 327 3602 Φθιῶτιν
345 3547 394 3601 καί
412 3548 607 3618 Πελασγιῶτιν
624 3545 767 3616 Kiessling
