2670 3984
550 226 713 281 -B-

125 401 194 468 τοῖς
216 384 288 454 κατ’
314 383 421 472 ἀγρὸν
446 389 556 473 ἔργοις
579 387 701 468 ἐθίζων
725 384 875 466 ἅπαντας
897 387 1027 474 μένειν,
1050 385 1137 474 πλὴν

125 503 159 562 εί
178 517 256 562 ποτε
286 496 441 580 δεηθεῖεν
464 490 604 580 ἀγορᾶς,
628 491 701 561 τότε
726 489 757 560 δ’
783 498 830 573 είς
849 491 934 562 ἀστυ
957 493 1139 574 συνιόντας

125 599 318 686 ἀγοράζειν,
348 598 469 684 ἐνάτην
498 595 619 684 ὁρίζων
647 596 779 686 ἡμέραν
800 613 872 680 ταῖς
899 597 1050 686 ἀγοραῖς·
1083 599 1138 670 ὅτε

70 705 168 774 εοεδδ
187 706 332 793 πόλεμος
352 704 535 792 καταλάβοι
559 705 801 794 στρατεύεσθαι
821 704 992 775 διδάσκων
1015 707 1070 776 καὶ
1094 706 1138 795 μὴ

126 826 339 900 παραχωρεῖν
362 811 487 898 ἑτέροις
509 810 590 899 μήτε
612 816 680 881 τῶν
706 813 822 882 πόνων
851 813 931 902 μήτε
961 817 1029 882 τῶν
1053 812 1138 902 ῶφε-
1165 840 1178 883 ι

127 923 237 990 λαῶν,
283 917 391 1009 διῄρει
419 916 483 1006 γὰρ
512 916 626 999 αὐτοῖς
653 921 687 1001 ἐξ
719 929 797 988 ίσου
828 923 893 1007 γῆν
920 947 954 988 τε
982 918 1068 1008 ὅσην
1096 917 1138 990 ἀν

128 1023 286 1114 ἀφέλοιτο
310 1030 491 1112 πολεμίους
513 1025 568 1092 καὶ
592 1022 790 1114 ἀνδράποδα
818 1027 873 1094 καὶ
897 1026 1061 1116 χρήματα,
1084 1031 1139 1095 καὶ

126 1130 370 1218 παρεσκεύαζεν
395 1129 570 1218 ἀγαπητῶς
594 1135 752 1220 δέχεσθαι
774 1131 833 1213 τάς
856 1139 1037 1222 στρατείας.

216 1239 386 1306 XXVIIII.
423 1241 498 1306 Τῶν
526 1235 557 1306 δ’
584 1244 631 1318 είς
661 1237 828 1326 ἀλλήλους
854 1238 1070 1328 ἀδικημάτων
1099 1238 1140 1309 οό
1181 1229 1185 1240 ’

127 1349 286 1431 χρονίους
318 1342 403 1413 ἀλλά
430 1349 562 1432 ταχείας
594 1347 735 1414 ἐποιεῖτο
767 1344 826 1426 τάς
856 1353 981 1434 κρίσεις
1007 1345 1048 1416 τά
1078 1347 1139 1434 μὲν
1155 1371 1180 1412 ιο

128 1449 229 1530 αὐτὸς
253 1454 407 1536 διαιτῶν,
424 1447 474 1518 ’τά
503 1447 536 1517 δ’
562 1449 676 1531 ἀλλοις
703 1453 903 1538 ἐπιτρίτων,
930 1453 986 1520 καὶ
1012 1451 1072 1532 τὰς
1094 1480 1141 1520 τι-

128 1561 257 1644 μωρίας
289 1553 401 1624 αάτῶν
437 1554 521 1642 πρὸς
556 1554 595 1624 τά
628 1559 754 1643 μεγέθη
790 1559 859 1625 τῶν
895 1555 1141 1647 ἁμαρτημάτων

128 1663 281 1732 ἐποιεῖτο.
314 1660 514 1751 ἀποτρέπειν
532 1689 567 1732 τε
586 1661 792 1750 ἀνθρώπους
810 1659 874 1730 ἀπὸ
897 1662 1021 1746 παντὸς
1040 1670 1141 1754 ἔργον

128 1772 282 1854 πονηροῦ
305 1767 365 1837 τὸν
390 1769 501 1856 φόβον
529 1767 671 1856 μάλιστα
699 1767 892 1854 δυνάμενον
921 1767 1012 1858 ὁρῶν
1035 1769 1142 1838 πολλά

129 1879 177 1954 είς
199 1877 298 1943 τοῦτο
325 1874 595 1964 παρεσκευάσατο
624 1881 749 1964 χωρίον
776 1902 827 1962 τε,
850 1878 887 1944 zv*
914 1867 941 1968 ᾧ
964 1876 1142 1964 καθεζόμε-
1157 1899 1182 1942 ιι

129 2007 190 2061 νος
222 1985 386 2068 ἐδίκαζεν,
423 1985 460 2051 έν
492 1985 537 2074 τῶ
572 1981 796 2073 φανερωτάτην
831 1987 889 2070 τῆς
926 1981 1051 2071 ἀγοράς
1087 1985 1142 2052 καὶ

130 2092 358 2177 στρατιωτῶν,
387 2095 423 2156 οἳ
446 2087 732 2178 παρηκολούθουν
760 2085 849 2181 αὐτῷ
873 2088 1058 2177 τριακόσιοι
1081 2089 1142 2158 τὸν

131 2193 282 2281 ἀριθμὸν
306 2193 412 2282 όντες,
435 2195 779 2282 καταπληκτικώτατοι
802 2193 863 2282 τὴν
881 2195 1062 2281 πρόσοψιν,
1086 2195 1144 2283 ῥά-

129 2305 236 2388 βδους
270 2328 306 2370 τε
342 2303 397 2369 καὶ
434 2305 581 2382 πελέκεις
616 2301 673 2370 ὑπ’
707 2300 844 2390 ἀνδρῶν
878 2300 1007 2370 δῶδεκα
1044 2329 1143 2391 φερο-

131 2411 270 2496 μένους,
295 2403 344 2487 οἷς
367 2407 446 2488 τοὺς
464 2408 526 2496 μὲν
549 2407 626 2490 ἀξια
645 2415 816 2496 μαστίγων
838 2407 1040 2496 δεδρακότας
1059 2412 1143 2491 ἔξαι-
1157 2430 1184 2470 2⁰

131 2541 195 2582 νον
225 2517 262 2582 έν
290 2511 413 2605 ἀγορᾷ,
436 2519 504 2584 τῶν
534 2515 572 2582 δὲ
598 2513 638 2584 τά
667 2518 805 2602 μέγιστα
834 2513 1042 2608 ἠδικηκότων
1065 2515 1144 2596 τοὺς

131 2621 319 2710 τραχήλους
351 2620 539 2691 ἀπέκοπτον
572 2625 609 2691 ἐν
635 2625 681 2714 τῶ
712 2625 857 2712 φανερῷ.
906 2625 1059 2702 τοιοῦτος
1082 2621 1183 2710 μδν2

74 2726 180 2814 τθεδή
204 2755 254 2808 τις
273 2725 291 2796 ό
310 2727 437 2815 κόσμος
455 2720 498 2815 ἦν
517 2732 575 2816 τῆς
592 2732 918 2814 κατασκευασθείσης
940 2725 1005 2796 ὑπὸ
1020 2724 1144 2816 Ῥωμύ-

131 2843 196 2902 λου
218 2839 399 2914 πολιτείας·
431 2832 561 2923 ἀπόχρη
589 2833 652 2923 γάρ
681 2836 716 2902 ἐκ
742 2834 872 2902 τούτων
898 2837 956 2902 καὶ
978 2835 1054 2922 περὶ
1076 2839 1144 2904 τῶν

131 2939 245 3008 ἀλλων
269 2938 406 3008 είκάσαι.
1159 2977 1184 3019 2⁵

205 3087 303 3152 2post
328 3078 478 3144 συνιόντας
506 3084 555 3136 aut
579 3080 678 3148 ἔταξεν
706 3077 794 3137 ουδὲ
797 3101 890 3152 φηκεν
913 3082 1007 3136 deesse
1034 3081 1146 3136 videtur

131 3153 249 3208 Reiskio
326 3163 343 3207 4
367 3151 398 3208 δὲ
422 3148 584 3242 πόλεμοςΒ
613 3153 722 3222 Krfiger
744 3103 818 3208 Ιταλφ
820 3171 862 3240 gr.
881 3170 921 3222 gr.
949 3169 976 3220 p.
1001 3157 1052 3206 251
1082 3146 1141 3204 δ’
1130 3170 1145 3205 ο

132 3243 162 3279 π.
181 3225 208 3278 R
262 3220 469 3350 λὲἀφέλοιτοΒ
489 3219 682 3292 ἀφέλοιντοΕ
737 3229 770 3278 10
773 3223 955 3312 χρησειςΒιι
1010 3229 1042 3276 15
1057 3225 1147 3276 καθε

133 3292 251 3366 ζόμενος
281 3291 392 3362 ἐδίκαζε
418 3297 470 3350 τῶι
494 3297 519 3350 R
546 3290 780 3360 καθεδίκαζεν’
768 3313 799 3348 εν
826 3293 876 3348 τῶι
899 3293 922 3347 Β
1006 3299 1038 3348 18
1061 3313 1146 3348 κατα-

132 3363 356 3435 πληκτικῶτατοι
374 3387 426 3435 την
445 3362 586 3436 πρόσοψιν
604 3367 627 3419 Β
645 3360 949 3450 καταπληκτικωτάτην
967 3359 1109 3432 πρόσοψιν
1122 3365 1148 3418 R

133 3445 169 3494 20
188 3436 231 3526 οἷς
249 3437 312 3492 B
292 3457 319 3492 οι
314 3439 363 3492 R
381 3438 437 3494 def.
457 3437 545 3494 Cobet
564 3437 630 3494 Oba.
648 3456 676 3508 p.
691 3443 726 3492 46
781 3443 814 3490 21
836 3430 903 3490 ἐν’
886 3435 978 3510 αγορᾷ
998 3433 1148 3501 έξαινονΒ

133 3517 169 3566 24
187 3505 315 3580 ἀποχρην
334 3507 356 3564 0

934 3577 988 3632 13*
