2670 3984
639 251 803 306 -B-

216 411 254 480 δὲ
276 413 413 490 Γέλλιος
441 407 527 478 κατά
554 408 615 478 τὸν
642 411 814 496 τέταρτον·
848 405 945 477 δκαὶ
974 413 1104 496 μᾶλλον
1132 409 1231 490 είκός.

215 520 296 586 νέον
319 515 384 605 γάρ
413 517 618 603 οἰκιζομένης
645 515 774 596 πόλεως
800 512 951 603 ἡγεμόνα
979 515 1059 602 πρὶν
1087 511 1108 602 ἡ
1131 541 1229 585 κατα-

217 623 405 710 στήσασθαι
433 621 495 710 τὴν
522 627 694 692 πολιτείαν
723 627 809 714 ἕργςο
836 621 1020 713 τηλικούτῳ
1051 623 1229 710 ἐπιχειρεῖν
1327 617 1328 700 ἡ

218 728 279 798 ούκ
303 731 369 816 ἔχει
391 729 505 816 λόγον.
549 733 609 816 τὴς
637 727 675 796 δὲ
702 725 852 817 ἀρπαγὴς
878 727 941 816 τὴν
969 733 1080 797 αἰτίαν
1112 731 1147 796 οί
1168 728 1230 816 μὲν
1327 715 1328 736 ³

175 863 188 906 ε
217 841 264 916 είς
287 837 412 904 σπάνιν
435 837 607 923 γυναικῶν
626 833 867 923 ἀναφέρουσιν,
892 839 926 903 οί
948 833 979 903 δ’
1001 840 1048 915 είς
1071 833 1230 924 ἀφορμὴν
1327 855 1328 900 ;

154 1016 160 1029 ,
216 945 379 1031 πολέμου,
404 944 440 1009 ολ
460 941 498 1009 δέ
520 940 560 1010 τά
582 941 801 1010 πιθανώτατα
829 941 1032 1029 γράφοντες,
1061 935 1112 1022 οἷς
1134 939 1285 1026 mim-*2302

218 1050 482 1136 συγκατεθέμην,
501 1053 549 1128 είς
565 1045 603 1116 τὸ
624 1046 773 1128 συνάψαι
793 1047 958 1135 φιλότητα
976 1047 1060 1138 πρὸς
1077 1046 1135 1129 τάς
1149 1057 1229 1135 πλη-
1327 1059 1328 1120 λ

181 1155 404 1243 2σιοχύρονς
421 1154 535 1234 πόλεις
553 1152 749 1240 ἀναγκαίαν.
790 1153 852 1242 τὴυ
877 1154 915 1223 δὲ
934 1155 1007 1224 τότε
1026 1153 1091 1224 ὑπὸ
1106 1153 1230 1242 Ῥωμύ-
1327 1143 1328 1220 ss

217 1269 281 1330 λου
299 1271 571 1350 καθιερωθεῖσαν
592 1259 712 1347 ἑορτήν
732 1265 779 1330 ἔτι
797 1262 853 1328 καὶ
868 1265 915 1341 είς
934 1261 990 1348 ἐμὲ
1005 1259 1231 1348 ἀγοντεςῬω-
1327 1243 1328 1298 ¹

179 1386 205 1426 10
218 1382 311 1456 μαϊοι
336 1369 509 1438 διετέλουν
532 1367 760 1436 Κωνσουάλια
782 1371 979 1454 καλοῦντες,
1003 1369 1040 1436 ἐν
1068 1359 1089 1457 ἡ
1117 1368 1230 1455 βωμός

218 1501 252 1543 τε
280 1472 438 1561 ὑπόγειος
466 1475 646 1561 ἱδρυμένος
672 1471 762 1562 παρὰ
790 1478 836 1566 τῷ
866 1481 1008 1565 μεγίστην
1035 1478 1103 1542 τεόν
1135 1477 1230 1542 ίππο-
1327 1513 1328 1554 1

220 1580 356 1668 δρόμων
379 1586 640 1669 περισκαφείσης
667 1584 725 1667 τὴς
747 1584 809 1667 γὴς
836 1587 974 1662 θυσίαις
996 1607 1031 1650 τε
1052 1582 1108 1649 καὶ
1132 1578 1230 1670 ὑπερ-

218 1687 339 1774 πύροις
384 1685 547 1776 ἀπαρχαῖς
591 1693 800 1776 γεραίρεται,
845 1688 901 1755 καὶ
948 1687 1074 1775 δρόμος
1119 1691 1230 1757 ἳππων

220 1798 363 1878 ζευκτῶν
390 1819 425 1862 τε
452 1795 507 1862 καὶ
537 1792 703 1875 ἀζεύκτων
732 1796 934 1863 ἐπιτελεῖται.
979 1804 1126 1864 καλεῖται
1151 1794 1230 1863 δδὸ

179 1917 205 1959 1⁵
219 1901 316 1988 θεός,
339 1891 366 1992 ηδ
389 1897 481 1970 ταῦτ’
508 1902 706 1986 ἐπιτελοῦσι,
729 1905 879 1982 Κῶνσος
895 1899 959 1969 ὑπὸ
979 1899 1167 1989 Ῥωμαίων,
1191 1897 1232 1970 δν

220 2007 496 2095 ἐξερμηνεύοντες
519 2011 566 2087 είς
588 2005 651 2094 τὴν
675 2005 840 2095 ἡμετέραν
861 2012 1012 2096 γλῶτταν
1031 2012 1233 2078 Ποσειδῶνα

219 2225 418 2309 τετιμῆσθαι
439 2225 541 2312 βωμῷ
565 2222 735 2307 λέγουσιν,
760 2219 811 2290 ὅτι
829 2219 891 2308 τήν
910 2225 977 2308 γὴν
997 2219 1015 2290 ὁ
1034 2219 1116 2302 θεὸς
1135 2213 1234 2302 οὗτος

185 2333 295 2414 3ἔχει.
340 2324 404 2413 ἐγω
428 2326 466 2394 δέ
489 2328 542 2396 καλ
568 2329 683 2416 ἕτερον
708 2325 784 2418 οίδα
807 2327 911 2414 λόγον
934 2326 1084 2414 ἀκούων,
1108 2325 1152 2408 ὡς
1175 2331 1234 2414 τής

180 2432 282 2520 εομέν
306 2433 423 2520 ἑορτῆς
448 2437 494 2526 τῷ
518 2438 711 2503 Ποσειδῶνι
739 2433 905 2522 ἀγομένης
932 2436 1071 2504 καὶτοῦ
1096 2434 1290 2522 δρόμουεοε

219 2543 288 2608 τάν
316 2543 427 2607 ἵππων
455 2539 561 2630 τούτω
589 2545 634 2632 τῷ
658 2545 728 2632 θεῷ
757 2544 956 2628 γινομένου,
985 2546 1046 2610 τού
1074 2540 1112 2608 δὲ
1134 2567 1233 2608 κατα-

219 2650 315 2731 γείου
336 2649 454 2733 βωμοῦ
478 2649 615 2734 δαίμονι
638 2645 771 2739 ἀρρήτῳ
799 2649 867 2717 τινὶ
889 2646 1130 2734 βουλευμάτων
1153 2675 1233 2736 κρυ-

221 2757 310 2839 φίων
334 2748 475 2838 ἡγεμόνι
498 2753 554 2819 καί
578 2751 703 2838 φύλακι
721 2755 1053 2832 κατασκευασθέντος
1075 2751 1233 2842 ὕστερον·

220 2861 415 2926 Ποσειδῶνι
437 2855 501 2946 γάρ
525 2855 640 2947 ἀφανή
662 2859 779 2948 βωμὸν
799 2858 970 2948 οὐδαμόθι
993 2863 1054 2947 γὴς
1073 2859 1152 2928 οὔθ’
1169 2859 1230 2949 ὑφ’

181 2962 388 3052 εεἙλλήνων
422 2963 501 3034 οὔθ’
532 2963 598 3035 ὑπὸ
629 2967 812 3056 βαρβάρων
844 2971 1090 3055 καθιδρύσθαι·
1126 2967 1164 3036 τὸ
1199 2966 1231 3034 δ’

221 3069 346 3160 ἀληθές
370 3070 459 3154 ὅπως
482 3078 547 3160 ἔχει
571 3072 716 3160 χαλεπὸν
740 3078 856 3142 εἰπεῖν.

310 3181 445 3248 XXXII.
473 3178 532 3260 Ὡς
561 3179 598 3248 δὲ
627 3180 790 3267 διεβοήθη
818 3179 858 3248 τά
885 3180 961 3266 περὶ
989 3177 1051 3265 τὴν
1079 3176 1235 3267 ἀρπαγὴν

292 3328 309 3376 4
334 3319 392 3392 ἔχει
413 3321 551 3378 Biioheler
579 3318 636 3390 εἶχε
662 3323 684 3376 Ο
762 3328 778 3376 8
801 3323 839 3374 τά
868 3317 1029 3392 ρωμύλωΑ
1107 3328 1140 3376 10
1164 3341 1235 3376 κων-

222 3388 392 3448 σουάλιαιΒ
476 3399 507 3447 19
537 3389 614 3518 ἔχειὴ
636 3395 705 3447 σείει
734 3410 756 3448 c.
784 3391 912 3447 Hertlein
940 3392 1054 3448 Hermes
1076 3393 1102 3446 X
1129 3410 1156 3461 p.
1180 3397 1234 3446 409

221 3468 255 3518 20
278 3463 329 3517 τοῦ
353 3457 461 3532 δρόμον
488 3463 538 3517 καὶ
560 3465 586 3519 A
696 3469 729 3518 21
749 3464 805 3518 τῶν
829 3461 938 3519 ἱππέων
963 3463 994 3532 O,
1018 3479 1087 3518 corr.
1112 3463 1236 3532 Sylburg

222 3540 284 3602 198,
295 3539 329 3589 27
342 3564 375 3574 -
387 3539 447 3602 201,
462 3539 479 3588 8
502 3536 614 3589 exstant
636 3534 671 3589 in-
687 3535 800 3590 Nicolai
827 3533 994 3589 Damasceni
1018 3533 1123 3603 eclogia
1147 3534 1235 3589 'Puro-
