2660 3986
534 215 767 310 fr—
1126 211 1191 276 389

177 370 280 452 αὐτὸς
302 371 365 458 μὲν
387 376 447 459 τῆς
464 370 648 460 Ῥωμαϊκῆς
676 369 788 459 ἡγεῖτο
818 371 1009 460 δυνάμεως,
1029 369 1192 461 Ἀρρόντα

178 476 216 545 δέ
243 477 304 546 τὸν
332 476 541 565 ἀδελφιδοῦν
569 482 628 566 τῆς
659 483 870 566 Τυρρηνικῆς
897 484 1087 566 συμμαχίας
1113 477 1190 548 άπί-

178 585 265 665 δειξε
293 584 494 673 στρατηγόν·
527 591 686 654 Λατίνων
714 586 751 654 δὲ
783 587 838 654 καὶ
870 590 939 655 τῶν
969 584 1083 654 ἄλλων
1110 586 1231 673 σύμ-6

17 727 19 734 ·
125 690 298 779 οιτμάχων
317 695 431 774 έταξεν
454 690 570 782 όιρχειν
593 692 705 782 ἄνδρα
727 706 888 780 γενναίου
907 691 969 781 μὲν
992 691 1032 762 τά
1050 695 1192 780 πολέμια

177 799 241 878 καὶΙ
255 813 398 886 φρονεῖν
419 798 460 868 τά
480 801 602 869 δέοντα
621 799 840 886 ἱκανώτατον,
859 802 957 882 ξένου
977 799 1015 869 δὲ
1032 801 1089 868 καὶ
1112 798 1218 868 ἄπο-ε

178 913 247 974 λιν·
271 905 436 994 Σερούϊος
459 905 548 1000 αὐτῷ
572 927 823 996 προσηγορικον
842 907 951 994 ὄνομα
974 899 1029 994 ἦν,
1052 907 1194 988 Τύλλιος

178 1012 216 1080 δέ
238 1011 276 1082 τὸ
301 1013 517 1099 συγγενικόν·
541 1005 740 1106 ᾦῬεομαῑοι
759 1012 840 1102 μετὰ
858 1011 920 1102 την
937 1019 1087 1083 Λευκίου
1109 1019 1192 1100 Ταρ-

176 1123 299 1188 κυνίου
330 1119 488 1208 τελευτὴν
524 1121 717 1208 βασιλεύειν
748 1126 808 1209 τῆς
843 1121 973 1201 πόλεως
1009 1121 1192 1209 ἐπέτρεψαν

178 1222 240 1294 ούκ
268 1224 371 1314 οὔσης
402 1233 578 1320 Ταρκυνίῳ
606 1232 724 1316 γενεᾶς
751 1227 909 1318 ἄρρενος,
941 1226 1104 1316 ἀγάμενοι
1131 1227 1192 1296 τὸν

177 1329 287 1420 ἄνδρα
309 1337 369 1419 τῆς
390 1359 426 1402 τε
448 1334 524 1421 περὶ
547 1333 587 1403 τόι
605 1333 758 1403 πολιτικά
780 1336 836 1403 καὶ
858 1339 917 1422 τῆς
934 1337 1011 1424 περὶ
1033 1333 1073 1404 τά
1095 1337 1192 1404 πολέ-
1207 1355 1232 1395 1⁰

178 1465 237 1524 μια
260 1435 388 1528 ἀρετῆς.
433 1441 532 1525 γένος
554 1439 593 1507 δὲ
615 1444 677 1508 τοῦ
704 1439 831 1529 ἀνδρὸς
857 1446 958 1510 τοῦδε
987 1443 1044 1510 καὶ
1066 1440 1193 1530 τροφάς

177 1546 233 1614 καὶ
256 1545 357 1632 τύχας
374 1546 430 1614 καλ
447 1543 511 1634 τὴν
530 1547 566 1614 ἐκ
584 1551 646 1616 τού
664 1552 765 1616 θείου
783 1548 972 1634 γενομένην
989 1549 1065 1632 περὶ
1088 1546 1192 1616 αὐτὸν

109 1713 122 1744 ,
178 1651 395 1739 ἐπιφάνειαν,
424 1650 507 1722 ὅταν
533 1651 617 1723 κατὰ
645 1657 744 1724 τοῦτο
772 1657 921 1741 γένωμαι
948 1653 986 1722 τὸ
1010 1655 1110 1744 μέρος
1132 1658 1193 1722 τοῦ

179 1758 299 1846 λόγου,
323 1758 537 1847 διηγήσομαι.

267 1868 382 1934 LXVI.
423 1864 504 1935 Τότε
532 1864 565 1936 δ’
597 1859 676 1954 οὖν,
709 1866 823 1955 ἐπειδὴ
855 1867 1101 1956 παρεσκεύαστο
1131 1865 1192 1953 ιἰμ-
1207 1894 1233 1936 ιι

178 1974 335 2062 φοτέροις
356 1972 397 2042 τὰ
419 1971 503 2061 πρὸς
525 1973 586 2044 τὸν
609 1972 725 2062 άνοῖνα
746 1977 929 2062 ἐπιτήδεια,
953 1973 1123 2064 συνῄεσαν
1146 1978 1194 2053 είς

178 2081 304 2169 μάχην,
327 2078 419 2168 εἶχον
443 2082 481 2150 δὲ
502 2080 541 2150 τὸ
566 2081 628 2169 μὲν
651 2080 830 2170 εύάνυμον
852 2085 951 2171 κέρας
974 2087 1009 2150 οί
1024 2080 1193 2168 Ῥωμαῖοι,

177 2186 215 2256 τὸ
247 2188 285 2257 δὲ
313 2185 425 2270 δεξιόν
454 2192 490 2257 οί
518 2193 704 2277 Τυρρηνοί,
731 2187 815 2258 κατὰ
842 2190 947 2276 μέσην
976 2188 1015 2257 δὲ
1040 2185 1103 2275 την
1130 2187 1193 2271 φά-

179 2302 287 2380 λαγγα
323 2301 467 2362 Λατῖνοι
503 2294 704 2382 ἐτάχθησαν.
763 2297 951 2384 γενομένου
988 2295 1025 2363 δὲ
1061 2292 1194 2381 ἀγῶνος

178 2405 342 2490 καρτεροῦ
373 2399 418 2469 δι’
445 2399 526 2487 ὅλης
556 2399 681 2490 ἡμέρας
713 2404 835 2472 ἐνίκων
865 2405 900 2470 ol
919 2399 1076 2490 Ῥωμαῖοι
1103 2398 1193 2488 παρὰ
1207 2425 1234 2468 ιο

178 2506 267 2578 πολύ
293 2509 349 2576 καὶ
375 2506 521 2588 πολλοὺς
552 2508 614 2596 μὲν
642 2505 899 2589 ἀποκτείναντες
929 2513 997 2578 τῶν
1023 2512 1192 2595 πολεμίων

126 2617 222 2684 οιεέν
249 2619 289 2706 τῇ
314 2615 401 2703 μάχη
428 2616 634 2702 γενομένους
666 2614 793 2704 ἄνδρας
822 2611 990 2702 ἀγαθούς,
1017 2618 1129 2708 πολλῷ
1159 2616 1191 2682 θ’

180 2727 229 2790 ἔτι
255 2726 391 2802 πλείους
419 2720 651 2810 αίχμαλεότονς
675 2722 836 2808 λαβόντες
863 2725 901 2791 έν
923 2727 964 2810 τῇ
994 2725 1102 2810 φυγῇ,
1124 2727 1194 2790 τῶν

181 2827 219 2895 δὲ
245 2832 466 2915 παρεμβολῶν
498 2825 699 2916 άμφοτέρῑον
730 2831 896 2916 ἐγκρατεῖς
927 2827 1106 2916 γενόμενοι
1137 2830 1194 2897 καλ

180 2933 359 3022 χρημάτων
386 2936 491 3021 μέγαν
519 2935 778 3024 περιβαλόμενοι
809 2940 957 3004 πλοῦτον
990 2933 1096 3016 ἀδεῶς
1126 2933 1192 3022 ἤδη
1207 2957 1234 2998 ιο

179 3045 239 3128 τῆς
260 3037 435 3124 ὑπαίθρου
461 3040 569 3127 πάσης
597 3041 775 3130 ἐκράτουν,
804 3038 848 3129 ἢν
875 3042 958 3128 πυρὶ
983 3041 1040 3109 καὶ
1064 3041 1192 3133 σιδήρῳ

180 3149 235 3216 καὶ
263 3150 344 3215 πᾶσι
371 3147 605 3235 λωβησάμενοι
632 3163 762 3235 κακοῖς,
791 3145 904 3235 ἐπειδὴ
933 3145 972 3216 τὸ
1002 3149 1106 3237 θέρος
1128 3151 1194 3218 έτε-

253 3348 267 3396 1
286 3336 450 3412 άρρόνταΒ
468 3337 631 3412 άρροντὰΑ
700 3350 716 3398 6
734 3339 843 3406 τύλλιος
859 3344 884 3397 Β
901 3338 999 3406 τύλλος
1012 3344 1038 3398 R
1106 3351 1121 3398 θ
1141 3340 1194 3400 ούκ

180 3431 234 3470 om.
254 3414 277 3468 B
355 3418 389 3467 10
407 3409 536 3469 πολιτικά
555 3415 578 3468 Β
606 3410 745 3484 πολεμικά
763 3416 788 3470 A
809 3417 813 3482 Ι
833 3413 955 3484 πολέμια
973 3415 996 3468 Β
1020 3411 1150 3470 πολιτικά
1168 3418 1194 3470 R

180 3492 213 3541 21
234 3486 290 3540 τῶν
308 3485 450 3556 πολεμίων
463 3487 529 3555 post
548 3480 579 3540 έν
598 3487 632 3557 τῇ
652 3481 727 3557 μάχη
744 3485 929 3556 OpraeterB
1002 3492 1035 3541 22
1054 3487 1104 3542 καλ
1123 3483 1155 3542 έν
1168 3490 1193 3540 A
