2660 3986
557 251 723 302 ..p-

132 423 203 487 τοῖς
233 406 379 495 άνδράσι
415 409 492 495 περὶ
524 405 629 478 αὐτοῦ
665 413 799 497 πρῶτον
834 407 1147 496 διαμαντεύσασθαι

131 519 193 584 τοῦ
215 515 333 602 τόπου,
355 521 406 595 τίς
429 514 696 602 ἐπιτηδειότατός
718 518 788 584 έστι
811 519 870 602 τῆς
889 515 1018 597 πόλεως
1041 521 1149 606 χῶρος
1251 567 1254 572 -

133 620 223 707 ἱερὸς
249 621 408 691 δινεῖσθαι
435 623 491 689 καὶ
523 635 593 702 τοῖς
623 631 720 702 θεοῖς
747 619 862 702 αὐτοῖς
890 621 1032 710 μάλιστα
1054 649 1148 709 κεχα-

132 731 300 816 ριομένος.
340 727 593 811 ἀποδειξάντων
621 727 653 796 δ’
679 727 792 798 αὐτῶν
823 727 884 799 τόν
906 727 1189 817 ὑπερκείμενον4

131 839 191 922 τής
217 833 344 937 ἀγοράς
370 833 537 923 λόφου,
527 834 566 916 ός
591 835 666 905 τότε
698 815 760 924 μὲν
788 839 936 906 ἐκαλεῖτο
968 836 1174 925 Ταρπήιος,ε

131 947 198 1030 νῦν
231 943 269 1012 δέ
297 949 544 1030 Καπιτωλῖνος,
577 935 680 1024 αὖθις
715 945 915 1013 ἐκέλευσεν
920 941 1044 1023 αὐτοὺς
1076 946 1148 1010 δια-

132 1052 427 1138 μαντευσαμένους
458 1054 564 1118 είπεῖν
596 1051 634 1117 έν
664 1045 770 1141 όποίφ
801 1053 863 1118 τοῦ
894 1048 1006 1136 λόφου
1036 1053 1148 1178 χωρίῳ

131 1158 259 1225 θέσθαι
289 1156 403 1244 δεήσει
432 1153 512 1236 τοὺς
542 1161 731 1243 θεμελίους.
785 1161 885 1225 τοῦτο
918 1153 1025 1224 δέού
1056 1155 1148 1224 πάνυ

132 1255 297 1352 ῥᾴδιον
275 1285 334 1350 ην·
357 1260 538 1331 πολλοί
499 1289 565 1350 γαρ
588 1254 676 1349 ἦσαν
699 1265 736 1332 έν
756 1261 845 1356 αὐτφ
869 1263 977 1351 βωμοὶ
996 1267 1106 1331 θεων
1112 1289 1148 1330 τε

131 1371 187 1436 καὶ
215 1370 390 1457 δαιμόνων
423 1367 540 1455 ὀλίγον
573 1367 752 1456 ἀπέχοντες
783 1367 955 1457 ἀλλήλων,
989 1367 1048 1450 οὓς
1080 1373 1147 1438 ἔδει
1163 1392 1189 1432 ιο

132 1473 288 1560 μετάγειν
312 1477 455 1563 ἑτέρωσέ
466 1499 540 1561 ποι,
562 1476 618 1544 καί
637 1479 706 1544 πᾶν
720 1473 910 1545 ἀποδοῦναι
930 1480 976 1568 τῷ
991 1480 1147 1563 μέλλοντι

79 1595 209 1661 σεστοῖς
229 1591 327 1662 θεοῖς
345 1584 474 1669 τεμένει
490 1580 696 1668 γενήσεσθαι
718 1580 756 1650 τὸ
775 1581 934 1651 δάπεδον.
984 1584 1078 1663 ἔδοξε
1104 1579 1187 1669 δήὸ

131 1701 202 1768 τοῖς
226 1687 449 1769 οἰωνοπόλοις
471 1685 555 1775 ὑπὲρ
580 1687 722 1758 ἑκάστου
747 1692 864 1775 βωμοῦ
891 1692 959 1757 τῶν
982 1693 1146 1774 καθιδρυ-
1199 1769 1200 1774 ¹

132 1797 245 1882 μένων
270 1799 627 1884 διαμαντευσαμένοις,
657 1795 717 1865 ἐὰν
739 1799 986 1883 παραχωρῶσιν
1014 1799 1050 1864 ολ
1069 1795 1147 1863 θεοὶ

132 1901 207 1970 τότε
234 1918 342 1972 κινεῖν
370 1901 501 1983 αὐτούς.
553 1907 588 1972 ολ
613 1903 675 1992 μέν
709 1894 772 1971 οὖν
799 1901 897 1970 ἄλλοι
924 1906 1006 1970 θεοί
1029 1927 1064 1970 τε
1091 1901 1147 1968 καὶ
1162 1923 1187 1964 15

132 2013 292 2096 δαίμονες
314 2010 498 2099 ἐπέτρεψαν
522 2008 637 2090 αὐτοῖς
659 2013 706 2089 είς
729 2010 825 2096 ἕτερα
853 2015 960 2096 χωρία
981 2009 1060 2086 τοὺς
1083 2013 1147 2093 βω-

133 2113 217 2202 μοδς
240 2120 338 2202 σφῶν
362 2119 577 2205 μεταφέρειν,
606 2120 641 2185 οί
667 2116 705 2185 δέ
731 2119 794 2184 τοῦ
820 2117 990 2205 Τέρμονος
1011 2117 1066 2183 καὶ
1089 2117 1148 2202 τῆς

133 2219 305 2308 Νεότητος
325 2221 433 2291 πολλά
455 2225 738 2310 παραιτουμένοις
766 2237 836 2302 τοῖς
859 2222 997 2310 μάντεσι
1019 2223 1076 2290 καὶ
1098 2229 1147 2288 λι-
1204 2303 1206 2307 Ι

133 2332 301 2416 παροῦσιν
325 2327 387 2397 οὐκ
410 2331 617 2416 ἐπείσθησαν
640 2327 716 2397 οὐδ’
741 2327 926 2416 ήνέσχοντο
949 2331 1147 2415 παραχωρή-

134 2454 190 2503 σαι
213 2439 281 2502 τῶν
303 2433 426 2505 τόπων.
471 2435 643 2523 τοιγάρτοι
666 2435 1012 2524 συμπεριελήφθησαν
1034 2433 1147 2502 αὐτῶν
1162 2433 1203 2498 εο

133 2545 170 2610 ολ
193 2543 301 2630 βωμοί
327 2545 368 2632 τῇ
396 2546 581 2632 κατασκευῇ
614 2547 683 2612 τῶν
712 2546 828 2631 ίερῶν,
860 2543 917 2610 καί
943 2545 1010 2610 νῦν
1037 2538 1055 2609 ὁ
1085 2539 1147 2628 μέν

133 2647 245 2735 ἕτερός
267 2651 359 2718 ἐστιν
382 2651 420 2718 ἐν
442 2653 488 2742 τῷ
511 2649 651 2742 προνάῳ
675 2655 736 2737 τής
755 2648 911 2736 Ἀθηνᾶς,
935 2645 953 2716 ὁ
979 2645 1010 2714 δ’
1036 2649 1148 2735 ἕτερος

133 2757 171 2822 έν
195 2753 284 2846 αὐτῷ
307 2759 352 2847 τῷ
376 2759 467 2848 σηκῷ
491 2762 635 2844 πλησίον
661 2760 723 2825 τοῦ
753 2758 859 2836 ἕδους.
904 2757 941 2824 έιι
964 2755 1002 2824 δὲ
1024 2752 1187 2823 τούτου6

134 2862 324 2947 συνέβαλον
347 2865 383 2930 οί
403 2862 553 2949 μάντεις,
577 2861 631 2932 ότι
653 2865 713 2950 τής
729 2860 902 2950 Ῥωμαίων
921 2862 1050 2943 πόλεως
1071 2861 1147 2931 οὔτε

4 2969 5 2976 '
96 2987 102 2996 ·
133 2963 213 3046 τοὺς
231 2963 334 3052 όρους
351 2968 563 3055 μετακινήσει
581 2967 698 3057 καιρὸς
715 2967 833 3048 οὐθεὶς
855 2966 934 3038 οὔτε
951 2967 1014 3056 τήν
1037 2967 1187 3066 άκμὴνιεε

133 3079 323 3162 μεταβαλεῖ·
354 3075 411 3142 καὶ
438 3077 533 3162 μέχρι
563 3079 634 3144 τῶν
665 3072 736 3143 κατ’
767 3074 824 3164 έμδ
843 3075 990 3163 χρόνων
1022 3072 1148 3162 άληθδς

207 3241 221 3288 1
241 3239 300 3298 τοῖς
317 3229 411 3305 ἄνδρ’
392 3251 441 3290 οισι
458 3235 575 3290 somnae
590 3233 741 3290 delendum
759 3237 802 3290 οεῖ
862 3240 879 3289 δ
898 3239 1088 3296 καπετιολῖνος
1102 3235 1148 3321 Rq

135 3309 168 3360 11
183 3301 215 3359 τό
231 3304 331 3392 μέλλον
345 3313 405 3370 τοις
418 3310 500 3369 θεοῖς
512 3305 629 3392 τέμενος
642 3301 817 3376 γενήσεσθαι
830 3301 957 3360 δάπεδον
971 3305 1016 3360 Ba
1068 3312 1101 3360 12
1115 3302 1147 3360 τὸ

133 3393 188 3430 om.
207 3378 229 3431 Β
254 3377 259 3447 Ι
281 3371 385 3448 ὁμαλὲς
406 3380 471 3448 post
493 3374 620 3432 δάπεδον
648 3377 712 3431 εδδ.
740 3377 763 3430 Β
856 3382 887 3432 15
906 3367 959 3431 οὖν
990 3393 1044 3432 om
1073 3377 1148 3431 ΑΒο,

135 3453 168 3501 17
169 3448 278 3532 σφῶν
292 3465 346 3504 om.
365 3450 410 3504 Ba
497 3455 530 3504 18
554 3444 779 3534 μαντεόμαοιΑ
862 3454 895 3503 19
918 3443 1072 3518 άνέσχουτο
1095 3449 1148 3504 AB

134 3513 176 3573 22'
187 3515 314 3588 τρονάωι
332 3522 357 3574 Α
428 3527 463 3576 26
482 3515 668 3592 μεταβαλ<η>
686 3517 708 3573 Β
