2670 3984
637 225 799 280 -.B-

210 383 291 467 τοὺς
313 383 586 474 ἀνδρειοτάτους
615 385 725 454 ἐκάλει
744 384 782 453 δὲ
800 383 860 466 τὰς
878 385 939 473 μὲν
958 391 1090 473 μείζους
1107 391 1230 474 μοίρας

211 497 363 581 τρίβους,
389 490 449 573 τὰς
476 490 507 560 δ’
534 491 693 573 ἐλάττους
719 498 873 580 κουρίας,
903 489 950 572 ὥς
976 493 1033 561 καλ
1059 493 1142 562 κατὰ
1164 492 1229 562 τὸν

172 603 192 668 3
211 596 373 689 ἡμέτερον
391 605 470 686 βίον
489 605 536 668 ἐτι
553 599 873 687 προσαγορεύονται.
910 607 961 687 είη
977 597 1008 668 δ’
1026 596 1070 668 άν
1088 597 1229 669 Ἑλλάδι

211 704 340 795 γλύττη
376 704 417 775 τὰ
455 705 605 794 ὀνόματα
642 711 747 775 ταῦτα
779 706 1098 795 μεθερμηνευόμενα
1134 706 1229 794 φυλὴ

171 833 184 875 ε
212 812 274 900 μέν
301 813 358 881 καὶ
386 811 517 901 τριττὺς
543 809 564 902 ἡ
590 818 742 900 τρίβους,
770 815 903 901 φράτρα
931 814 969 882 δέ
995 813 1051 882 καὶ
1081 811 1227 902 λόχοςὴ

210 926 343 1008 κουρία,
365 921 421 988 καί
443 923 513 988 τῶν
534 917 673 1008 ἀνδρῶν
698 922 733 988 οί
753 919 816 1008 μὲν
834 918 894 1000 τὰς
914 925 983 989 τῶν
1001 926 1128 1008 τρίβων
1150 918 1228 1008 ἡγε-

211 1033 332 1114 μονίας
365 1033 498 1114 ἔχοντες
534 1025 705 1115 φύλαρχοί
737 1053 772 1096 τε
809 1028 865 1096 καὶ
900 1027 1128 1116 τριττύαρχοι,
1166 1023 1228 1107 οὓς

210 1138 352 1202 καλούσι
380 1131 537 1222 Ῥωμαῖοι
567 1133 784 1221 τριβούνους·
822 1138 858 1202 οί
888 1134 926 1203 δὲ
957 1148 1030 1214 ταῖς
1065 1140 1277 1218 κουρίαιςτοι

212 1239 430 1327 ἐφεστηκότες
451 1246 506 1308 καί
528 1245 750 1329 φρατρίαρχοι
773 1240 830 1308 καὶ
848 1245 997 1327 λοχαγοί,
1021 1237 1081 1321 οδς
1104 1235 1228 1310 ἐκεῖνοι

171 1317 402 1445 ᾗκουρίωνας
424 1344 638 1434 ὀνομάζουσι.
685 1345 846 1436 διῄρηντο
872 1346 910 1415 δέ
934 1349 990 1416 καί
1013 1352 1061 1428 είς
1084 1347 1228 1429 δεκάδας

213 1457 251 1521 αί
271 1457 419 1541 φρᾶτραι
441 1450 526 1542 πρὸς
548 1451 666 1540 αύτοῦ,
688 1454 744 1522 καὶ
767 1451 902 1542 ἡγεμὼν
926 1454 1069 1542 ἑκάστην
1093 1454 1227 1542 ἐκόσμει

213 1559 348 1647 δεκάδα,
367 1563 555 1649 δεκουρίων
574 1559 656 1628 κατὰ
674 1558 737 1647 τὴν
756 1559 935 1648 έκιχεόριον
951 1565 1102 1647 γλῶτταν
1124 1582 1246 1646 προσ·

212 1665 468 1754 αγορευόμενος.
510 1663 555 1746 ὡς
573 1666 614 1744 ,δέ
638 1669 859 1754 διεκριλλησαυ
882 1664 1025 1748 ἅπαντες
1047 1668 1103 1736 καὶ
1129 1687 1228 1735 συνε-
1324 1739 1325 1742 ,

210 1772 387 1861 τάχθησαυ
411 1778 459 1854 είς
482 1771 592 1861 φυλὰς
613 1773 669 1840 καὶ
688 1772 850 1860 φράτρας,
874 1771 996 1842 διελοδν
1014 1771 1076 1860 τὴν
1095 1777 1160 1860 γῆν
1180 1778 1228 1854 είς
1325 1811 1326 1864 3

172 1915 198 1955 15
211 1879 391 1969 τριάκοντα
413 1880 559 1969 κλήρους
583 1889 678 1960 ίσους
701 1879 821 1968 ἑκάστη
841 1878 975 1970 φράτρᾳ
997 1884 1126 1968 κλῆρον
1149 1877 1228 1948 άτιέ-

213 1991 322 2056 δωκευ
346 1991 415 2076 ἕνα,
438 1985 559 2068 ἐξελὼν
582 1984 645 2074 τὴν
668 1984 840 2074 ἀρκοῦσαν
861 1990 909 2065 είς
932 1984 1083 2073 ἱεράκαὶ
1106 1988 1227 2074 τεμένη

211 2101 271 2164 καί
289 2101 366 2164 τινα
388 2095 444 2162 καὶ
467 2097 512 2184 τῷ
532 2097 636 2186 κοινῷ
657 2097 722 2180 γῆν
740 2092 941 2162 καταλιπόν.
983 2098 1042 2180 μία
1060 2093 1122 2181 μέυ
1142 2091 1226 2180 αύτη
1324 2175 1325 2194 ¹

213 2206 377 2292 διαίρεσις
394 2198 460 2269 ύτιὸ
475 2197 650 2288 Ῥωμύλου
667 2203 736 2268 τάν
755 2227 790 2269 τε
809 2198 947 2288 άυδροὸυ
965 2201 1022 2268 καὶ
1040 2204 1098 2287 της
1116 2200 1228 2289 χώρας
1324 2197 1325 2204 ¹

212 2306 276 2396 <ἡ>
308 2309 509 2395 περιέχουσα
540 2305 602 2393 τὴν
633 2304 753 2393 κοινὴν
789 2307 845 2374 καί
883 2312 1041 2394 μεγίστην
1077 2306 1226 2396 ίσότητα,

172 2447 198 2488 ιο
212 2414 326 2483 τοιάδε
348 2441 398 2494 τις
421 2407 473 2501 ἦν.
1323 2413 1324 2420 '

301 2541 391 2608 VIII.
423 2537 540 2628 Ἑτέρα
564 2539 601 2607 δέ
624 2538 735 2607 αὐτῶν
763 2538 865 2607 πάλιν
887 2543 956 2606 τῶν
979 2537 1118 2627 ἀνδρῶν
1141 2537 1163 2627 ἡ
1186 2539 1226 2609 τδι
1301 2595 1309 2610 .

213 2645 442 2734 φιλάνθρωπα
477 2646 533 2713 καὶ
569 2643 628 2726 τὰς
667 2644 764 2734 τιμὰς
801 2648 1008 2732 διανέμουσα
1044 2645 1127 2714 κατά
1163 2646 1225 2734 τὴν

212 2751 321 2839 ἀξίαν,
343 2748 388 2839 ἣν
412 2755 520 2840 μέλλω
542 2757 743 2840 διηγεῖσθαι.
779 2749 858 2831 τούς
876 2754 1050 2838 ἐπιφανείς
1067 2751 1150 2820 κατὰ
1172 2755 1226 2839 γε’-

211 2885 276 2940 νος
299 2859 355 2928 καί
384 2858 430 2927 δι’
456 2858 578 2948 άρετηυ
608 2859 872 2946 ἐπαινουμένους
903 2859 960 2926 καί
987 2856 1154 2947 χρήμασιν
1183 2857 1227 2939 ὡς
1321 2891 1322 2898 ¹

171 3002 197 3042 τε
212 2970 250 3036 ἐν
272 2979 343 3046 τοῖς
365 2966 440 3036 τότε
462 2980 592 3055 καιροῖς
615 2964 795 3053 εὐπόρους,
826 2959 877 3044 οἷς
898 2963 964 3054 ἤδη
988 2969 1105 3044 τιαῑδες
1126 2957 1226 3052 ἦσαν,

283 3222 300 3271 5
318 3219 432 3342 τρίβους
449 3216 473 3269 Β
491 3217 585 3306 τρίβος
602 3216 628 3269 R
643 3217 648 3284 Ι
664 3215 775 3285 φράτρα
794 3216 841 3270 Ba
912 3219 929 3270 8
947 3213 997 3269 καλ
1015 3213 1134 3282 καλουσι
1151 3213 1204 3268 ΑΒ
1220 3215 1224 3285 Ι

211 3289 358 3360 τριβουλν
356 3307 406 3350 ους
424 3288 449 3342 A
470 3289 475 3355 Ι
495 3293 558 3349 ταῖς
575 3287 752 3372 κουρίαιςΙλ
773 3293 836 3348 ταις
855 3282 1035 3374 φράτραιςΒ
1109 3291 1142 3340 10
1161 3305 1227 3340 κου-
1319 3343 1320 3352 ρ

213 3361 357 3431 ρίωυαςΒ
384 3359 535 3442 κουρίονας
552 3358 578 3412 Β.
652 3365 683 3414 11
703 3351 773 3427 τιρδς
797 3352 943 3446 μύτούςΒ
1017 3362 1049 3410 12
1069 3357 1227 3426 δεκουρίων

212 3450 267 3488 om
287 3431 340 3484 AB
395 3436 428 3484 13
448 3423 684 3516 διετάχθησανΒ
739 3425 804 3483 19
790 3449 808 3496 η
828 3429 892 3484 add.
912 3427 1069 3482 Ambrosoh
1125 3377 1226 3500 24⁰039]

194 3523 313 3615 ς,οχιςω
281 3503 304 3556 Β
329 3507 411 3610 ..⁶25
424 3495 564 3569 εύιιόροις
582 3500 627 3555 Βε.
643 3503 647 3570 Ι
663 3496 718 3569 ἥδη
737 3503 838 3562 παῖδες
857 3489 936 3562 οἷς
917 3517 991 3568 ησαν
1010 3500 1032 3554 Β
