2670 3984
573 261 738 316 ..Β-

144 419 192 506 μή
214 426 409 488 καταλιπεῖν
432 419 493 488 τὸν
515 418 743 509 παραστάτην,
765 412 867 514 ᾦκαὶ
890 421 1088 494 συνέσπεισε
1105 424 1163 492 καὶ
1244 447 1256 472 ε

145 527 319 595 συνέθυσε
340 527 396 594 καὶ
419 529 547 596 κοινῶν
570 529 672 615 ίεροῖν
695 530 862 616 μετέσχεν.
905 530 962 598 καὶ
988 527 1037 598 ού
1053 529 1203 618 μόνου4

144 636 206 720 τής
218 633 295 721 περὶ
308 637 413 702 ταῦτα
427 637 550 720 σοφίας
567 632 667 722 χάριν
685 631 779 716 άξιος
797 635 1010 705 ἐπαινεῖσθαι
1029 633 1161 724 ὁάνήρ,

145 737 232 808 άλλά
253 739 310 807 καί
331 741 390 826 τής
412 735 578 819 εὐτελείας
599 741 668 808 τῶν
690 745 841 827 θυσιῶν,
867 735 921 822 αἷς
942 747 1160 830 γεραίρεσθαι

145 844 226 926 τοὺς
251 844 356 926 θεοὺς
383 847 647 933 ἐνομοθέτησεν,
679 837 729 914 ὧν
756 849 794 914 αί
820 855 971 917 πλεῖσται
1004 850 1162 936 διέμενον
1190 877 1202 918 ι

148 953 211 1031 ἕως
231 955 291 1038 τῆς
312 950 392 1020 καθ’
413 949 500 1040 ἡμᾶς
522 949 663 1039 ἡλικίας,
687 956 718 1022 εί
735 950 780 1040 μή
799 955 855 1022 καὶ
873 957 977 1023 πᾶσαι
997 953 1082 1024 κατά
1100 954 1162 1026 τὸν

145 1055 290 1145 άρχαῖου
313 1057 565 1146 ἐπιτελούμεναι
587 1057 724 1146 τρόπον.
766 1057 831 1147 όγύ
857 1064 944 1147 γοῦν
968 1061 1203 1149 έθεασάμην5

148 1165 186 1232 έν
210 1167 315 1252 ίεραῖς
338 1167 459 1244 οἰκίαις
482 1168 602 1234 δεῖπνα
624 1172 826 1255 προκείμενα
848 1177 945 1248 θεοῖς
967 1169 1020 1238 έπλ
1043 1171 1163 1257 τραπέ-

149 1277 218 1352 ζαις
248 1273 399 1352 ξυλίναις
430 1269 604 1360 ἀρχαϊκαῖς
640 1274 677 1341 έν
708 1272 831 1361 κάνησι
862 1275 918 1343 καὶ
953 1281 1164 1356 πινακίσκοις

148 1391 336 1465 κεραμεοῖς,
368 1375 521 1466 ἀλφίτων
553 1377 655 1465 μάζας
686 1381 743 1448 καί
770 1380 907 1449 πόπανα
933 1381 989 1450 καὶ
1013 1382 1085 1463 ζέας
1106 1383 1162 1450 καὶ
1177 1402 1211 1449 10·

148 1486 288 1572 καρπῶν
318 1511 424 1553 τινων
457 1483 607 1574 άπαρχάς
638 1486 694 1554 καί
726 1484 811 1554 ἄλλα
840 1491 979 1556 τοιαῦτα
1006 1486 1081 1556 λιτά
1107 1488 1163 1556 καὶ

92 1585 94 1588 ⁴
148 1587 325 1658 εὐδάπανα
370 1591 427 1659 καὶ
476 1591 585 1678 πάσης
631 1589 867 1681 ἀπειροκαλίας
911 1591 1163 1683 άπηλλαγμένα·

90 1697 210 1772 wal
233 1695 382 1778 σπουδάς
401 1696 496 1766 είόον
515 1700 758 1786 ἐγκεκραμένας
780 1696 842 1768 ούκ
865 1701 903 1768 ἐν
924 1698 1086 1789 ἀργυροῖς
1107 1702 1164 1770 καὶ

148 1816 287 1890 χρυσοῖς
314 1801 467 1890 ἄγγεσιν,
494 1801 569 1872 ἀλλ’
596 1807 634 1873 έν
663 1803 876 1893 ὀστρακίναις
904 1811 1078 1887 κυλίσκαις
1108 1809 1164 1875 καὶ

148 1908 302 1998 πρόχοις,
329 1911 385 1978 καλ
411 1910 502 1978 πάνυ
524 1908 684 2000 ἠγάσθην
710 1915 779 1980 τῶν
807 1910 945 2000 ἀνδρῶν
973 1910 1025 1982 ὅτι
1050 1915 1163 2000 θιαμέ-
1179 1938 1204 1978 ιε

148 2035 271 2084 νουσιν
299 2017 337 2084 έν
364 2029 435 2096 τοῖς
462 2022 615 2103 πατρίοις
644 2021 761 2085 ἔθεσιν
785 2015 888 2086 οὐδὲν
911 2017 1164 2100 ἐξαλλάττοντες

148 2125 219 2192 τῶν
236 2119 384 2210 άρχαίωυ
404 2125 505 2210 ἱερῶν
524 2127 573 2202 είς
589 2121 652 2210 τήν
670 2121 817 2205 ἀλαζόνα
834 2125 1061 2194 πολυτέλειαν.
1094 2129 1164 2193 ἔστι
1184 2125 1203 2189 6

149 2229 212 2315 μὲν
243 2221 306 2297 οὖν
334 2227 356 2296 ά
387 2230 443 2298 καί
471 2228 591 2317 Νόμας
617 2235 808 2316 Πομπίλιος
836 2227 854 2298 ὁ
887 2227 969 2318 μετά
990 2227 1163 2317 Ῥωμύλον

150 2333 252 2424 άρξας
269 2338 328 2422 τής
345 2334 476 2416 πόλεως
492 2335 715 2424 κατεστήσατο
730 2335 862 2424 μνήμης
880 2334 957 2418 άξια
974 2338 1030 2404 καὶ
1048 2337 1164 2424 λόγου,

147 2440 302 2529 περιττὸς
323 2439 386 2530 τήν
408 2441 548 2530 γνώμην
571 2438 659 2530 άνήρ
686 2443 742 2511 καὶ
771 2441 812 2512 τά
834 2452 914 2511 θεῖα
937 2443 1163 2531 ἐξηγήσασθαι
1178 2473 1204 2511 εο

150 2547 257 2635 σοφὸς
280 2550 318 2616 έν
342 2546 479 2634 όλθγοις,
501 2545 585 2638 ὑπὲρ
610 2541 658 2618 ὧν
681 2546 824 2636 ὕστερον
852 2552 932 2638 ἐρῶ,
954 2552 1011 2619 καὶ
1037 2550 1165 2631 Τύλλος

140 2652 307 2735 Ὁστίλιος
330 2653 348 2723 ὁ
371 2660 482 2743 τρίτος
505 2654 569 2725 άπὸ
589 2653 762 2744 Ῥωμύλου
780 2657 982 2743 βασιλεύσας
998 2656 1059 2725 καί
1081 2657 1164 2726 πάν-

148 2787 204 2842 τες
236 2764 272 2830 οί
300 2759 370 2849 μετ’
400 2765 531 2832 ἐκεῖνον
563 2761 742 2850 γευόμενοι
773 2768 934 2850 βασιλεῖς·
968 2761 1042 2832 ἀλλ’
1073 2761 1091 2832 ὁ
1124 2762 1165 2831 τά

151 2870 321 2956 σπέρματα
352 2870 409 2937 καί
440 2868 500 2950 τὰς
531 2866 634 2958 ἀρχάς
670 2868 784 2950 αὐτοῖς
819 2867 1001 2958 παρασχὼν
1035 2870 1092 2937 καὶ
1124 2867 1165 2937 τά

150 2974 652 3106 κυριώταταῗκαταστησάμενος
669 2979 738 3046 τῶν
756 2975 891 3063 περὶτὰ
909 2985 989 3045 θεῖα
1008 2979 1163 3062 νομίμων
1178 3001 1205 3040 εε

142 3079 315 3170 Ῥωμύλος
335 3109 389 3170 ην.
591 3091 594 3098 ’

223 3283 238 3332 1
260 3271 459 3346 ἐγκαταλιπεῖν
474 3294 497 3334 ο.
512 3278 602 3334 Cobet
615 3277 681 3334 Obs.
696 3297 723 3349 p.
737 3283 773 3333 45
845 3282 861 3331 2
876 3274 1006 3331 κολεοῖο
1020 3268 1055 3329 ού
1069 3290 1125 3329 om.
1142 3274 1165 3328 A

150 3342 236 3404 8έπί
253 3348 442 3418 τραπέζαιςΒ
462 3344 494 3405 έν
512 3349 702 3420 τραπέζαιςΙλ
763 3354 796 3405 10
814 3345 965 3418 κεραμέοις
982 3347 1008 3400 A
1063 3349 1097 3400 14
1115 3364 1165 3400 κυ-

149 3458 289 3518 λικίσκαις
311 3458 337 3511 A
373 3415 555 3519 κυλύίτκαιςΒ
574 3473 609 3510 an
628 3452 806 3527 ὀστρακίνοις
823 3454 1013 3515 κυλικίσκοιςῖ
1068 3456 1101 3507 17
1115 3469 1167 3506 πο-

149 3529 258 3584 λιτείαυ
276 3527 300 3582 Β
373 3534 406 3584 18
425 3527 558 3599 νομᾶςΑ
629 3532 665 3583 25
683 3527 810 3597 νομίμων
828 3541 883 3581 om.
902 3523 925 3578 Β
