2682 3982
556 245 721 296 -Γ-
1078 241 1142 308 303

129 396 196 468 ἀπὸ
228 403 287 488 τῆς
315 397 487 487 Ἀλβανῶν
520 398 620 488 ὅρον,
652 405 739 469 ἔνθα
766 402 823 469 καὶ
854 401 1019 490 πρότερον
1051 400 1142 489 είχον

130 505 281 594 ἑκάτεροι
313 505 392 588 τοὺς
422 506 583 597 χάρακας,
614 510 748 596 πρῶτον
780 507 842 596 μὲν
875 505 948 596 ίερά
975 507 1144 590 θύσαντες

130 599 268 700 ῶμοσαν
291 613 345 682 έπλ
366 615 435 682 τῶν
458 612 616 703 ἐμπύρων
635 615 783 700 στέρξειν
805 612 868 702 τὴν
889 615 1010 701 τόχην,
1032 610 1076 701 ἣν
1098 610 1142 682 ἀν

130 721 166 788 έκ
185 723 245 806 τῆς
263 719 369 808 μάχης
384 724 453 789 τῶν
472 717 623 802 ἀνεψιῶν
646 722 783 809 ἑκατέρα
805 720 902 801 πόλις
924 721 1142 808 ἐξενέγκηται,

129 827 186 894 καὶ
209 826 380 914 φυλάξειν·
398 826 457 908 τάς
484 824 664 914 ὁμολογίας
686 833 844 914 βεβαίους
866 829 995 915 μηδένα
1016 827 1169 916 προσάι

74 951 251 1020 εσόγοντες
269 931 385 1014 αότοιῖς
403 933 508 1002 δόλον
526 929 626 1002 αότοί
644 959 680 1002 τε
702 933 758 1002 καλ
777 934 876 1020 γένος
897 933 935 1003 τὸ
959 936 992 1016 έξ
1016 931 1143 1003 αὐτῶν·

130 1040 200 1108 ἐπεὶ
223 1039 261 1108 δὲ
283 1038 324 1108 τά
347 1039 430 1129 πρὸς
452 1038 556 1120 θεοὺς
579 1037 656 1108 ὅσια
681 1039 916 1127 διεπράξαντο,
939 1042 1079 1127 θέμενοι
1101 1038 1142 1109 τά

130 1144 216 1214 ὅπλα
238 1150 390 1235 προῆγον
413 1148 448 1216 έκ
475 1150 536 1215 τοῦ
563 1145 708 1235 χάρακος
735 1144 919 1234 ἀμφότεροι
941 1147 1061 1216 θεαταὶ
1083 1150 1142 1234 τῆς

129 1251 236 1341 μάχης
258 1253 413 1340 ἐσόμενοι
433 1255 537 1340 τριῶν
560 1249 581 1340 ἢ
603 1253 770 1341 τεττάρων
790 1255 936 1322 σταδίων
958 1251 996 1321 τὸ
1020 1252 1142 1340 μεταξὺ
1254 1243 1256 1248 ’

129 1365 255 1447 χωρίον
277 1373 348 1440 τοίς
370 1357 631 1447 ἀγωνιζομένοις
652 1359 902 1440 καταλιπόντες·
924 1360 980 1427 καὶ
1003 1357 1073 1447 μετ’
1100 1357 1141 1428 οὐ
1156 1391 1181 1432 ιο

129 1463 217 1534 πολὺ
239 1469 350 1554 παρῆν
368 1465 448 1546 τούς
465 1493 501 1535 τε
519 1472 708 1554 Κορατίους
727 1463 745 1535 δ
764 1468 833 1535 τῶν
848 1464 1020 1552 Ἀλβανῶν
1044 1486 1140 1553 στρα-

129 1568 229 1657 τηγὸς
251 1569 343 1656 ἀγων
361 1573 418 1640 καὶ
440 1569 519 1652 τοὺς
535 1569 707 1656 Ὁρατίους
727 1569 833 1641 ὁτῶν
851 1570 1024 1659 Ῥωμαίων
1047 1578 1141 1657 βασι-

128 1675 206 1757 λεὺς
229 1675 459 1766 ὡπλισμένους
481 1703 516 1746 τε
538 1677 697 1747 κάλλιστα
719 1679 775 1747 καὶ
798 1677 858 1747 τὸν
881 1675 986 1746 ἀλλον
1005 1683 1141 1764 ἔχοντας

128 1781 257 1871 κόσμον
280 1777 356 1852 οἷον
378 1781 556 1871 ἄνθρωποι
574 1783 808 1872 λαμβάνουσιν
832 1784 885 1852 ἐπὶ
902 1781 1051 1875 θανάτφ.
1087 1809 1140 1869 γε·
1159 1789 1179 1855 3

128 1889 268 1976 νόμενοι
292 1889 330 1959 δὲ
353 1889 520 1977 σύνεγγυς
537 1888 693 1977 ἀλλήλων
715 1889 756 1960 τὰ
778 1890 840 1978 μὲν
864 1891 943 1977 ξίφη
965 1903 1036 1968 τοίς
1057 1887 1140 1958 δοια-
1155 1921 1180 1962 15

129 2011 281 2077 σπισταίς
307 1999 522 2086 παρέδωκαν,
550 1998 823 2088 προσδραμόντες
852 1997 890 2065 δὲ
921 1997 1140 2083 περιέβαλλον

128 2101 287 2192 ἀλλήλοις
315 2110 490 2184 κλαίοντες
515 2105 571 2174 καὶ
598 2117 670 2184 τοῖς
696 2102 846 2192 ἡδίστοις
871 2101 1036 2191 ὀνόμασιν
1060 2101 1140 2170 ἀνα-

126 2215 323 2297 καλοῦντες,
356 2209 439 2280 ῶστε
467 2215 515 2292 είς
543 2210 673 2299 δάκρυα
703 2223 883 2297 προπεσεῖν
910 2207 1059 2288 ἅπαντας
1085 2209 1140 2276 καὶ

127 2315 257 2405 πολλὴν
290 2314 474 2405 ἀστοργίαν
510 2332 709 2405 κατηγορεῖν
746 2321 843 2404 σφῶν
873 2342 909 2386 τε
941 2314 1053 2384 αὐτῶν
1084 2315 1141 2382 καὶ

126 2426 195 2492 τῶν
217 2421 411 2511 ἡγεμόνων,
436 2421 487 2493 ὅτι
509 2423 620 2512 παρὸν
648 2423 762 2504 ἀλλοις
784 2424 852 2492 τισὶ
875 2419 1004 2510 στόμασι
1026 2436 1139 2510 κρίναι
1153 2453 1181 2493 ιο

125 2528 188 2616 τὴν
217 2528 327 2617 μάχην
354 2534 402 2610 είς
432 2528 599 2618 έμφόλιον
631 2524 712 2618 αίμοι
743 2530 800 2598 καὶ
831 2526 1032 2615 συγγενικὸν
1059 2525 1140 2615 ἀγος

125 2633 186 2703 τὸν
208 2631 293 2723 ὑπὲρ
315 2640 383 2704 τῶν
405 2636 538 2706 πόλεων
566 2634 683 2724 ἀγῶνα
704 2637 926 2705 κατέκλεισαν.
971 2633 1139 2722 παυσάμε-

66 2765 187 2817 4εςνοι
211 2740 248 2809 δὲ
270 2745 339 2810 τῶν
357 2739 543 2830 ἀσπασμῶν
567 2745 602 2810 οί
618 2747 789 2812 νεανίσκοι
806 2743 862 2811 καὶ
885 2739 925 2810 τά
948 2743 1027 2829 ξίφη
1050 2739 1139 2827 παρά

125 2848 195 2914 τῶν
221 2843 438 2917 ὑπασπιστῶν
470 2847 630 2935 λαβόντες
661 2845 953 2936 ἀναχωρησάντων
985 2851 1055 2916 τῶν
1084 2848 1139 2914 πέ-

126 2959 187 3034 λας
210 2953 368 3036 ἐτάξαντό
390 2981 426 3024 τε
448 2951 529 3023 καθ’
554 2953 688 3042 ἡλικίαν
710 2957 766 3023 καὶ
790 2956 959 3044 συνῄεσαν
983 2951 1093 3040 ὁμόσε.
1152 2979 1179 3022 τε

215 3061 353 3128 XVIIII.
387 3063 476 3141 Τέως
489 3061 551 3148 μὲν
566 3053 629 3130 οὖν
643 3059 765 3148 ἡσυχία
778 3086 813 3128 τε
827 3061 883 3128 καὶ
897 3057 974 3146 σιγὴ
988 3071 1139 3144 κατεῖχεν

197 3297 212 3346 7
233 3285 299 3347 όσια
316 3286 506 3361 διεπράξαντο
520 3291 543 3346 Β
561 3287 753 3362 διεπράξαντο
771 3283 838 3347 όσιοι
851 3290 877 3344 R
895 3282 959 3344 ὅσια
978 3287 1032 3344 del.
1046 3287 1138 3344 Reud-

124 3363 167 3419 ler
184 3361 273 3419 Tiroe.
292 3381 320 3432 p.
340 3367 374 3417 29
453 3367 486 3418 17
505 3358 634 3431 ἀλλήλοις
652 3363 674 3417 Β
698 3357 877 3451 ἀλλίχλουςῖλ
954 3365 987 3414 18
1008 3377 1138 3428 κρατε-

124 3439 186 3489 σεῖν
204 3433 272 3490 Bet
289 3431 402 3503 Reiske,
420 3439 590 3502 προσπεσεῖν
603 3435 629 3488 R
700 3440 735 3490 20
754 3437 848 3496 αλλοις
864 3432 920 3487 τισλ
934 3430 983 3487 καλ
1001 3429 1138 3500 φαυλοτέ-

124 3523 184 3575 ροις
203 3500 311 3576 σάματι
329 3519 351 3560 ο.
371 3503 473 3560 Reiske
