2698 3982
204 224 273 292 ι·
630 230 794 282 -A-

203 386 366 475 σθήσεται
394 402 464 469 τοῖς
492 388 643 475 σάμασιν
670 386 782 457 αύτῶν
809 385 875 456 ὑπὸ
905 392 965 457 τοῦ
988 389 1130 476 χρόνον,
1161 390 1218 457 καί

202 495 339 564 πάντων
362 494 505 582 μάλιστα
527 493 606 576 τούς
629 493 888 583 ἀναγράφοντας
911 498 1074 582 ἱστορίας,
1104 498 1141 564 ἐν
1164 489 1217 576 αἷς

201 605 432 689 καθιδρύσθαι
464 599 526 688 τη“ν
559 599 725 689 ἀλήθειαν
755 601 900 692 [πάντες]
933 599 1215 689 ὑπολαμβάνομεν

201 706 309 797 άρχην
333 707 530 797 φρονήσεώς
556 734 591 776 τε
618 709 674 776 καὶ
698 714 820 796 σοφίας
843 701 966 796 ούσαν,
995 708 1215 796 πρῶτονμὲν

174 811 381 894 ούποθέσεις
402 823 640 902 προαιρεῖσθαι
663 813 766 896 καλάς
792 815 848 883 καί
878 825 1137 906 μεγαλοπρεπεῖς
1159 817 1215 884 καὶ
1233 825 1250 874 3

200 921 329 1009 πολλὴν
371 919 535 1008 ὠφέλειαν
581 934 651 1000 τοῖς
696 919 990 1009 ἀναγνωσομένοις
1035 923 1214 1011 φερούσας,

200 1033 312 1096 ἔπειτα
357 1027 668 1116 παρασκευάζεσθαι
713 1028 771 1108 τὰς
816 1031 1023 1116 ἐπιτηδείους
1063 1034 1111 1110 εἰς
1150 1029 1214 1116 τὴν

200 1132 403 1224 άναγραφὴν
424 1138 484 1220 της
505 1131 700 1214 ὑποθέσεως
718 1133 871 1222 άφορμάς
894 1134 975 1222 μετὰ
998 1141 1123 1223 πολλῆς
1146 1137 1214 1204 ἐπι-

109 1235 180 1298 ·κ3
200 1247 332 1328 μελείας
353 1267 389 1308 τε
411 1241 467 1308 καί
490 1246 698 1327 φιλοπονίας.
745 1244 780 1308 οί
800 1241 861 1328 μὲν
884 1239 949 1329 γάρ
972 1239 1055 1331 ὑπὲρ
1080 1241 1213 1323 ἀδόξων

160 1366 186 1406 10
199 1347 403 1435 πραγμάτων
436 1343 457 1434 ἢ
489 1350 649 1435 πονηράν
681 1343 701 1434 ἢ
735 1351 898 1436 μηδεμιᾶς
932 1353 1080 1436 σπουδῆς
1111 1347 1214 1430 άξίων

200 1453 369 1540 ἱστορικὰς
390 1453 658 1542 καταβαλόμενοι
684 1461 923 1542 πραγματείας,
953 1465 1018 1524 είτε
1044 1459 1106 1524 τού
1133 1481 1213 1543 προ-

199 1567 314 1628 ελθεῖν
355 1565 402 1641 είς
439 1565 568 1647 γνάσιν
605 1559 802 1650 ὀρεγόμενοι
837 1561 893 1629 καλ
929 1575 1042 1649 τυχεῖν
1077 1559 1211 1631 ὁποιου·

199 1665 322 1753 δήποτε
351 1664 529 1754 ὀνόματος,
563 1676 628 1736 είτε
655 1674 853 1756 περιουσίαν
883 1665 1126 1750 ἀποδείξασθαι
1153 1672 1212 1755 τῆς

197 1773 273 1860 περὶ
296 1772 418 1860 λόγους
441 1773 617 1861 δυνάμεως
635 1774 853 1863 βουλόμενοι,
877 1773 954 1843 ούτε
976 1779 1035 1862 τῆς
1057 1774 1213 1870 γνώσεως

158 1895 183 1936 1⁵
199 1883 376 1966 ζηλοῦνται
394 1879 484 1970 παρὰ
502 1895 572 1961 τοϊς
589 1883 855 1968 ἐπιγιγνομένοις
869 1880 947 1950 ούτε
965 1886 1024 1968 τῆς
1038 1882 1213 1970 δυνάμεως

198 1989 431 2073 ἐπαινοῦνται,
482 1987 583 2069 δόξαν
629 1987 902 2074 ἐγκαταλιπόντες
949 2001 1019 2068 τοῖς
1064 1987 1211 2075 ἀναλαμ-

196 2093 363 2180 βάνουσιν
387 2092 500 2162 αὐτῶν
522 2093 581 2174 τάς
600 2097 759 2181 ίστορίας,
779 2091 831 2162 ότι
848 2094 1023 2174 τοιούτους
1042 2094 1211 2181 ἐζήλωσαν

198 2197 294 2267 αύτολ
317 2205 423 2286 βίους,
447 2203 525 2278 οἵας·
542 2201 708 2281 ἐξέδωκαν
726 2198 785 2280 τάς
806 2199 951 2287 γραφάς·
976 2203 1127 2280 ἐπιεικῶς
1144 2199 1211 2286 γάρ
1339 2283 1340 2291 ¹

196 2303 339 2385 ἅπαντες
361 2311 555 2393 νομίζουσιν
579 2304 712 2385 εἰκόνας
739 2303 826 2374 εἶναι
848 2310 907 2392 τῆς
938 2305 1080 2376 ἑκάστου
1102 2309 1211 2392 ψυχῆς
1328 2363 1332 2372 ,

196 2410 275 2491 τοὺς
298 2411 429 2498 λόγους.
469 2415 506 2480 ολ
526 2412 564 2480 δὲ
585 2412 851 2500 προαιρούμενοι
874 2413 935 2500 μὲν
958 2410 1017 2492 τάς
1034 2417 1210 2500 κρατίστας

196 2515 389 2602 ὑποθέσεις,
417 2515 489 2604 είκη
518 2518 556 2586 δὲ
582 2518 638 2586 καὶ
671 2517 833 2609 ῥᾳθύμως
861 2515 963 2600 αὐτάς
997 2521 1211 2599 συντιθέντες

197 2627 232 2692 ἐκ
259 2627 327 2694 τάν
355 2623 579 2712 ἐπιτυχόντων
607 2623 845 2713 άκουσμάτων,
879 2623 1004 2695 ούδένα
1035 2623 1120 2714 ὑπὲρ
1152 2629 1246 2712 τῆς4
1337 2633 1338 2654 ³

196 2732 419 2819 προαιρέσεως
455 2736 595 2800 ἔπαινον
630 2737 837 2819 κομίζονται·
874 2728 916 2800 ού
951 2732 1014 2821 γάρ
1050 2731 1209 2818 άξιούμεν

196 2834 434 2924 αὐτοσχεδίους
453 2835 532 2905 οὐδὲ
552 2836 729 2927 ῥᾳθύμους
747 2835 833 2906 εἶναι
854 2836 913 2917 τάς
932 2845 1012 2926 περί·
1025 2865 1059 2907 τε
1077 2839 1208 2908 πόλεων

155 2965 181 3006 ιι
196 2942 345 3024 ἐνδόξων
371 2945 426 3010 καὶ
459 2941 595 3032 άνδράν
624 2945 661 3012 ἐν
694 2948 873 3034 δυναστεία
904 2945 1094 3032 γεγονότων
1126 2943 1205 3012 άνα-

156 3045 410 3137 ὗγραφομένας
442 3053 598 3138 ἱστορίας.
652 3055 756 3119 ταῦτα
793 3050 835 3136 δη
868 3051 1008 3140 νομίσας
1043 3049 1209 3137 ἀναγκαῖα
1306 3019 1337 3115 ό

1333 1959 1341 2016 1

156 2383 178 2446 4

157 2470 183 2509 80

267 3286 283 3335 3
302 3276 500 3349 καθιδρύσθαι
518 3281 570 3336 ΑΒ
591 3283 595 3342 Ι
615 3277 722 3344 πάντες
740 3298 794 3338 om.
813 3283 836 3336 Β
927 3288 961 3338 10
984 3279 1021 3352 μὴ
1045 3279 1077 3337 δὲ
1097 3281 1208 3352 μιάς·Α

196 3357 229 3404 11
249 3349 476 3423 καταβαλόμενοι
494 3351 536 3406 Bb
576 3348 820 3423 καταβαλλόμενοι
838 3353 906 3408 AB&
992 3357 1025 3408 15
1049 3349 1127 3420 παρὰ
1150 3351 1207 3405 τῶν

196 3419 401 3493 ἐπιγινομένων
421 3441 443 3478 ο.
464 3421 621 3492 Stephanus
700 3430 733 3478 16
752 3426 970 3487 καταλείποντες
987 3425 1012 3477 Α
1095 3430 1128 3479 18
1148 3418 1206 3476 ἐπί-

195 3493 314 3558 εικοςΑ
386 3499 420 3549 23
439 3491 573 3564 αίρέσεως
591 3495 614 3548 Β
690 3501 724 3550 26
744 3489 959 3564 ἀναγκαιότατα
978 3513 1001 3551 ο.
1020 3495 1122 3550 Reiske
