2682 3982
193 231 260 296 300
615 235 782 286 -r-
1024 255 1037 276 ·

191 395 335 478 θυμίας,
363 389 490 480 χρόνον
512 388 686 480 ᾐτησάμην
716 394 763 470 είς
788 389 918 478 βουλήν
945 389 1126 479 ἀνακωχὰς
1158 397 1276 468 δε-ισο

192 499 357 585 χημέρονς
383 496 625 584 ποιησάμενος·
658 494 703 576 άς
735 496 773 564 δέ
804 495 975 584 ἀφικόμην
1009 500 1115 586 δεῦρο
1150 499 1222 588 τήν
1322 501 1323 526 ³

192 603 322 691 βουλήν
350 603 557 673 συνεκάλεσα
583 605 640 672 καὶ
666 601 847 691 προῦθηκα
872 605 949 692 περὶ
970 609 1032 673 τοῦ
1055 606 1221 694 πράγμα-

191 736 248 790 τος
275 713 312 779 έν
339 714 443 802 κοινῷ
467 723 619 778 σκοπεῖν·
656 709 760 791 δόξαν
793 710 830 778 δέ
860 723 933 790 ταῖς
961 713 1094 779 πλείοσι
1124 713 1222 799 γνώ-

152 840 285 904 εμαις,
314 821 345 884 εί
370 815 433 905 μὲν
461 815 593 896 ἑκόντες
619 814 845 902 ἀναδέχοισθε
869 815 932 885 τὸν
961 814 1079 903 ἀγῶνα
1102 819 1221 889 καλὸν
1324 893 1325 914 ¹

192 921 275 992 ὄντα
301 924 358 992 καὶ
384 923 597 1008 προσήκοντα
624 920 721 1008 ὑμῖν,
750 919 791 990 δν
820 920 883 1008 έγά
910 922 1090 1011 πρόθυμος
1119 923 1221 1014 ήμην
1324 919 1325 976 ί

192 1028 297 1116 μόνος
319 1026 402 1115 ὑπὲρ
426 1026 585 1098 ἁπάντων
608 1030 897 1114 διαγωνίσασθαι,
919 1030 1072 1098 Ιέπαινελν
1094 1056 1133 1099 τε
1157 1035 1222 1100 καὶ

192 1136 351 1220 δέχεσθαι
378 1133 441 1220 τήν
469 1132 568 1220 χάριν
597 1130 708 1221 ὑμῶν,
737 1137 768 1200 εί
789 1133 827 1202 δὲ
853 1131 891 1202 τὸ
915 1133 1076 1220 συγγενὲς
1099 1138 1221 1226 έντρε-

191 1240 333 1327 πόμενοι
356 1244 498 1327 μίασμα,
522 1236 563 1308 οά
586 1237 652 1328 γάρ
676 1238 718 1326 δὴ
741 1241 838 1308 κακοὶ
862 1238 974 1328 ψυχὴν
998 1238 1222 1329 ὁμολογοῦν·

151 1370 178 1411 10
191 1372 245 1425 τες
267 1343 366 1429 εἶναι,
388 1343 468 1425 τοὺς
490 1347 551 1427 ἔξω
573 1349 635 1414 τοῦ
658 1347 779 1432 γένους
796 1342 972 1427 ἀξιάσαιτε
993 1355 1123 1434 καλεῖν,
1148 1379 1219 1439 μη-

192 1454 312 1538 δεμίαν
335 1449 417 1538 ὑμῖν
440 1449 592 1539 ἀνάγκην
610 1453 824 1540 προσφέρειν.
867 1455 972 1521 ταῦτα
992 1456 1052 1540 τῆς
1070 1459 1277 1544 ’βουλήςεσι

190 1559 427 1645 ψηφισαμένης
453 1559 508 1625 καὶ
536 1555 613 1627 οὔτε
642 1555 726 1647 πρὸς
756 1553 862 1644 ὀργήν
891 1559 1072 1645 δεξομένης
1100 1565 1134 1628 εί
1163 1561 1216 1632 δι’

191 1662 297 1732 ὄκνον
318 1661 356 1732 τὸ
381 1668 482 1751 ἔργον
505 1663 640 1750 λάβοιτε
663 1661 740 1732 οὔτε
762 1662 884 1750 μικράν
907 1662 1006 1751 χάριν
1029 1668 1218 1757 εἰσομένης

190 1766 272 1858 ὑμῖν
305 1773 336 1838 εἰ
367 1770 566 1859 τιμιωτέραν
599 1767 787 1857 ἡγήσαισθε
822 1771 881 1854 τῆς
915 1776 1111 1856 συγγενείας
1144 1775 1217 1862 τήν

151 1898 177 1939 15
190 1880 349 1963 πατρίδα,
371 1874 553 1962 τυγχάνετε
575 1866 613 1943 εὖ
635 1873 911 1962 βουλευσάμενοι.

279 1981 384 2049 XVII.
401 1977 460 2060 Ὡς
478 1977 521 2066 δή
539 1977 632 2048 ταῦτ’
649 1977 799 2066 ἥκουσαν
817 1982 853 2047 οί
867 1984 1011 2066 νεανίαι,
1021 1986 1216 2068 μεταστάν-

190 2113 243 2168 τες
270 2086 409 2176 έτέρωσε
441 2087 497 2154 καὶ
531 2087 764 2174 διαλεχθέντες
796 2083 893 2172 ὀλίγα
923 2084 1008 2173 πρὸς
1039 2087 1216 2178 ἀλλήλους

189 2194 433 2283 προσέρχονται
461 2192 563 2260 πάλιν
596 2191 880 2280 ἀποκρινούμενοι
910 2192 967 2261 καὶ
998 2195 1088 2280 λέγει
1120 2195 1213 2287 ὑπὲρ

190 2298 349 2369 ἁπάντων
378 2295 397 2367 ὁ
425 2297 652 2385 πρεσβύτατος
678 2296 807 2367 τοιάδε·
842 2301 888 2364 Εἰ
917 2297 983 2384 μὲν
1012 2301 1215 2391 ἐλευθέροις

150 2403 271 2493 εοήμίν
303 2397 379 2473 οὖσι
410 2403 468 2473 καὶ
502 2407 633 2492 κυρίοις
668 2406 728 2490 τής
762 2405 849 2482 ἰδέας
879 2401 1016 2490 γνώμης
1047 2408 1214 2487 ἐξουσίαν
1330 2441 1331 2470 ι

189 2525 356 2600 παρεῖχες,
394 2503 420 2578 ά
462 2509 568 2579 Τύλλε
575 2561 586 2596 ,
614 2507 875 2597 ’βουλεύσασθαι
911 2511 988 2598 περὶ
1023 2516 1086 2580 τοῦ
1122 2514 1214 2602 πρὸς

188 2617 268 2698 τοὺς
305 2614 467 2698 ἀνεψιοὺς
502 2613 650 2703 ἀγῶνος,
692 2612 799 2685 οὐθέν
838 2619 887 2682 ἔτι
924 2616 1214 2705 διαμελλήσαντες

188 2722 442 2811 ἀπεκρινάμεθα
481 2719 525 2792 ἀν
569 2742 624 2792 σοι
665 2721 743 2802 τοὺς
785 2721 914 2789 έαυτάν
951 2724 1213 2812 διαλογισμούς·

189 2827 302 2918 ἐπειδὴ
336 2829 374 2897 δὲ
402 2831 571 2916 περίεστιν
602 2827 684 2918 ήμϊν
715 2825 733 2896 ὁ
763 2826 887 2913 πατήρ,
920 2817 961 2895 οὖ
988 2829 1091 2915 χωρὶς
1125 2831 1213 2904 οὐδὲ

148 2959 174 3000 2⁵
188 2935 368 3025 τάλάχιστα
391 2935 502 3020 λέγειν
525 2931 547 3023 ή
569 2936 726 3026 πράττειν
754 2931 927 3019 ἀξιοῦμεν,
956 2933 1146 3022 αἰτούμεθά
1172 2960 1214 3012 σε

187 3147 240 3220 ιι
260 3073 688 3219 ξεινααιιιιιει
701 3075 891 3231 εαξη
908 3081 1214 3234 νίκημα

188 3227 204 3277 6
228 3215 300 3292 ’μην
323 3220 356 3289 Ο,
379 3219 429 3276 sed
447 3220 518 3274 mihi
536 3221 697 3288 suspectum
769 3221 785 3271 9
803 3235 896 3304 κακήν
919 3217 945 3270 Δ
960 3217 965 3284 Ι
980 3219 1214 3290 ομολογουμενοι

188 3307 212 3350 ο.
252 3290 361 3347 chnelle
375 3297 435 3362 p.4
491 3295 524 3346 10
543 3284 693 3356 ἀξιώσαιτε
707 3285 836 3343 Meineke
855 3281 1028 3353 αξιάσετεΟ
1086 3293 1122 3344 14
1136 3285 1214 3377 ήγή.

188 3365 291 3418 σαισθε
311 3361 444 3447 θγΙοοεη,
468 3355 612 3430 ἡγήσεσθε
631 3359 655 3412 Β
678 3351 838 3442 ἡγήσεσθαι
856 3359 882 3414 Α
924 3424 931 3444 f
958 3361 992 3412 15
1003 3357 1213 3482 χονλευοαμε-

187 3433 274 3488 νοιΒ
294 3435 512 3502 βονλενοομενοι
530 3431 556 3485 Β
610 3436 643 3485 16
661 3447 752 3484 ταντα
766 3431 792 3483 A
845 3434 878 3484 21
898 3431 989 3483 τνλλιε

187 3497 341 3574 κρινάμεθ’
362 3498 416 3558 ἀνθ
482 3507 524 3557 αὖ
542 3495 700 3572 άξιοῦμ<εν
718 3493 902 3573 αί>τοάμεθα
919 3499 942 3552 Β

1083 3435 1120 3484 23
1136 3427 1214 3490 ἀπε-
