<?xml version="1.0" encoding="UTF-8"?>
<!DOCTYPE html PUBLIC "-//W3C//DTD XHTML 1.0 Transitional//EN"
    "http://www.w3.org/TR/xhtml1/DTD/xhtml1-transitional.dtd">
<html xmlns="http://www.w3.org/1999/xhtml" xml:lang="en" lang="en">
 <head>
  <title>
</title>
<meta http-equiv="Content-Type" content="text/html;charset=utf-8" />
  <meta name='ocr-system' content='tesseract 3.04.00' />
  <meta name='ocr-capabilities' content='ocr_page ocr_carea ocr_par ocr_line ocrx_word'/>
</head>
<body>
  <div class='ocr_page' id='page_1' title='image "./dionysihalicarn05diongoog_0368.png"; bbox 0 0 2660 3986; ppageno 0'>
   <div class='ocr_carea' id='block_1_1' title="bbox 553 207 718 260">
    <p class='ocr_par' dir='ltr' id='par_1_1' title="bbox 553 207 718 260">
     <span class='ocr_line' id='line_1_1' title="bbox 553 207 718 260; baseline -0.006 -13"><span class='ocrx_word' id='word_1_1' title='bbox 553 207 718 260; x_wconf 70' lang='lat' dir='ltr'><strong><em>„p-</em></strong></span> 
     </span>
    </p>
   </div>
   <div class='ocr_carea' id='block_1_2' title="bbox 14 358 1249 3120">
    <p class='ocr_par' dir='ltr' id='par_1_2' title="bbox 14 358 1249 2692">
     <span class='ocr_line' id='line_1_2' title="bbox 75 358 1142 454; baseline 0 -21"><span class='ocrx_word' id='word_1_2' title='bbox 75 389 126 441; x_wconf 72' lang='grc' dir='ltr'><strong><em>εει</em></strong></span> <span class='ocrx_word' id='word_1_3' title='bbox 132 364 309 454; x_wconf 83' lang='grc' dir='ltr'><strong><em>μεγάλους,</em></strong></span> <span class='ocrx_word' id='word_1_4' title='bbox 329 368 423 446; x_wconf 78' lang='grc' dir='ltr'><strong><em>οἴους</em></strong></span> <span class='ocrx_word' id='word_1_5' title='bbox 441 368 476 434; x_wconf 86' lang='grc' dir='ltr'><strong><em>ολ</em></strong></span> <span class='ocrx_word' id='word_1_6' title='bbox 492 364 663 452; x_wconf 83' lang='grc' dir='ltr'><strong><em>κράτιστοι</em></strong></span> <span class='ocrx_word' id='word_1_7' title='bbox 682 369 750 435; x_wconf 90' lang='grc' dir='ltr'><strong><em>τῶν</em></strong></span> <span class='ocrx_word' id='word_1_8' title='bbox 768 358 960 435; x_wconf 72' lang='grc' dir='ltr'><strong><em>θαλαττίων</em></strong></span> <span class='ocrx_word' id='word_1_9' title='bbox 979 366 1142 454; x_wconf 78' lang='grc' dir='ltr'><em>λιμένων·</em></span> 
     </span>
     <span class='ocr_line' id='line_1_3' title="bbox 128 469 1141 561; baseline 0 -19"><span class='ocrx_word' id='word_1_10' title='bbox 128 469 146 542; x_wconf 86' lang='lat'><strong><em>6</em></strong></span> <span class='ocrx_word' id='word_1_11' title='bbox 172 472 211 542; x_wconf 73' lang='grc' dir='ltr'><strong><em>δὲ</em></strong></span> <span class='ocrx_word' id='word_1_12' title='bbox 233 471 376 561; x_wconf 87' lang='grc' dir='ltr'><strong><em>μάλιστα</em></strong></span> <span class='ocrx_word' id='word_1_13' title='bbox 393 471 603 560; x_wconf 74' lang='grc' dir='ltr'><strong><em>θαυμάσειεν</em></strong></span> <span class='ocrx_word' id='word_1_14' title='bbox 626 470 671 541; x_wconf 81' lang='grc' dir='ltr'><strong><em>ἀν</em></strong></span> <span class='ocrx_word' id='word_1_15' title='bbox 688 499 749 560; x_wconf 92' lang='grc' dir='ltr'><strong><em>τις,</em></strong></span> <span class='ocrx_word' id='word_1_16' title='bbox 773 471 834 542; x_wconf 91' lang='grc' dir='ltr'><strong><em>ούκ</em></strong></span> <span class='ocrx_word' id='word_1_17' title='bbox 853 471 1062 543; x_wconf 87' lang='grc' dir='ltr'><strong><em>ἀποκλείεται</em></strong></span> <span class='ocrx_word' id='word_1_18' title='bbox 1079 476 1141 542; x_wconf 91' lang='grc' dir='ltr'><strong><em>τοῦ</em></strong></span> 
     </span>
     <span class='ocr_line' id='line_1_4' title="bbox 16 573 1240 670; baseline -0.001 -21"><span class='ocrx_word' id='word_1_19' title='bbox 16 573 17 624; x_wconf 53' lang='lat'><em>³</em></span> <span class='ocrx_word' id='word_1_20' title='bbox 129 579 292 669; x_wconf 89' lang='grc' dir='ltr'><strong><em>στόματος</em></strong></span> <span class='ocrx_word' id='word_1_21' title='bbox 313 577 379 649; x_wconf 81' lang='grc' dir='ltr'><strong><em>ὑπὸ</em></strong></span> <span class='ocrx_word' id='word_1_22' title='bbox 403 583 462 668; x_wconf 78' lang='grc' dir='ltr'><strong><em>τῆς</em></strong></span> <span class='ocrx_word' id='word_1_23' title='bbox 482 584 666 660; x_wconf 75' lang='grc' dir='ltr'><strong><em>θαλαττίας</em></strong></span> <span class='ocrx_word' id='word_1_24' title='bbox 687 579 789 660; x_wconf 82' lang='grc' dir='ltr'><strong><em>θινός</em></strong></span> <span class='ocrx_word' id='word_1_25' title='bbox 816 579 1097 670; x_wconf 77' lang='grc' dir='ltr'><strong><em>ἐμφραττόμενος,</em></strong></span> <span class='ocrx_word' id='word_1_26' title='bbox 1122 577 1140 650; x_wconf 85' lang='lat'><strong><em>6</em></strong></span> <span class='ocrx_word' id='word_1_27' title='bbox 1236 639 1240 648; x_wconf 91' lang='lat'><em>.</em></span> 
     </span>
     <span class='ocr_line' id='line_1_5' title="bbox 16 684 1142 784; baseline 0.002 -30"><span class='ocrx_word' id='word_1_28' title='bbox 16 749 17 754; x_wconf 73' lang='grc'><strong><em>,</em></strong></span> <span class='ocrx_word' id='word_1_29' title='bbox 127 687 294 775; x_wconf 89' lang='grc' dir='ltr'><strong><em>πάσχουσι</em></strong></span> <span class='ocrx_word' id='word_1_30' title='bbox 316 686 435 756; x_wconf 84' lang='grc' dir='ltr'><strong><em>πολλοὶ</em></strong></span> <span class='ocrx_word' id='word_1_31' title='bbox 456 686 513 755; x_wconf 82' lang='grc' dir='ltr'><strong><em>καὶ</em></strong></span> <span class='ocrx_word' id='word_1_32' title='bbox 535 690 603 755; x_wconf 90' lang='grc' dir='ltr'><strong><em>τῶν</em></strong></span> <span class='ocrx_word' id='word_1_33' title='bbox 622 688 776 784; x_wconf 85' lang='grc' dir='ltr'><strong><em>μεγάλων</em></strong></span> <span class='ocrx_word' id='word_1_34' title='bbox 799 691 969 775; x_wconf 80' lang='grc' dir='ltr'><strong><em>ποταμῶν,</em></strong></span> <span class='ocrx_word' id='word_1_35' title='bbox 994 684 1067 756; x_wconf 83' lang='lat'><em>066&#39;</em></span> <span class='ocrx_word' id='word_1_36' title='bbox 1094 693 1142 768; x_wconf 90' lang='grc' dir='ltr'><strong><em>είς</em></strong></span> 
     </span>
     <span class='ocr_line' id='line_1_6' title="bbox 129 791 1167 883; baseline -0.003 -19"><span class='ocrx_word' id='word_1_37' title='bbox 129 794 186 881; x_wconf 77' lang='grc' dir='ltr'><strong><em>ἕλη</em></strong></span> <span class='ocrx_word' id='word_1_38' title='bbox 209 793 265 862; x_wconf 78' lang='grc' dir='ltr'><strong><em>καί</em></strong></span> <span class='ocrx_word' id='word_1_39' title='bbox 287 796 430 881; x_wconf 80' lang='grc' dir='ltr'><strong><em>τέλματα</em></strong></span> <span class='ocrx_word' id='word_1_40' title='bbox 447 793 666 881; x_wconf 74' lang='grc' dir='ltr'><strong><em>πλανώμενος</em></strong></span> <span class='ocrx_word' id='word_1_41' title='bbox 688 791 807 863; x_wconf 85' lang='grc' dir='ltr'><strong><em>ἀλλοτε</em></strong></span> <span class='ocrx_word' id='word_1_42' title='bbox 829 791 914 883; x_wconf 86' lang='grc' dir='ltr'><strong><em>ἀλλη</em></strong></span> <span class='ocrx_word' id='word_1_43' title='bbox 932 817 1167 882; x_wconf 70' lang='grc' dir='ltr'><strong><em>προκαταγωι</em></strong></span> 
     </span>
     <span class='ocr_line' id='line_1_7' title="bbox 128 897 1141 992; baseline 0 -23"><span class='ocrx_word' id='word_1_44' title='bbox 128 905 274 970; x_wconf 89' lang='grc' dir='ltr'><strong><em>λίσκεται</em></strong></span> <span class='ocrx_word' id='word_1_45' title='bbox 290 903 371 988; x_wconf 81' lang='grc' dir='ltr'><strong><em>πρὶν</em></strong></span> <span class='ocrx_word' id='word_1_46' title='bbox 388 897 409 988; x_wconf 81' lang='grc' dir='ltr'><em>ἢ</em></span> <span class='ocrx_word' id='word_1_47' title='bbox 428 903 469 989; x_wconf 75' lang='grc' dir='ltr'><strong><em>τῇ</em></strong></span> <span class='ocrx_word' id='word_1_48' title='bbox 487 899 638 990; x_wconf 77' lang='grc' dir='ltr'><strong><em>θαλάττῃ</em></strong></span> <span class='ocrx_word' id='word_1_49' title='bbox 657 899 808 982; x_wconf 70' lang='grc' dir='ltr'><strong><em>συνάψαι</em></strong></span> <span class='ocrx_word' id='word_1_50' title='bbox 826 900 864 970; x_wconf 89' lang='grc' dir='ltr'><strong><em>τὸ</em></strong></span> <span class='ocrx_word' id='word_1_51' title='bbox 884 903 1037 992; x_wconf 90' lang='grc' dir='ltr'><strong><em>ῥεῖθρον,</em></strong></span> <span class='ocrx_word' id='word_1_52' title='bbox 1056 899 1141 970; x_wconf 87' lang='grc' dir='ltr'><strong><em>ἀλλά</em></strong></span> 
     </span>
     <span class='ocr_line' id='line_1_8' title="bbox 14 1003 1142 1095; baseline 0 -18"><span class='ocrx_word' id='word_1_53' title='bbox 14 1005 15 1008; x_wconf 34' lang='grc'><strong>“</strong></span> <span class='ocrx_word' id='word_1_54' title='bbox 127 1007 372 1095; x_wconf 78' lang='grc' dir='ltr'><strong><em>ναυσιπέρατός</em></strong></span> <span class='ocrx_word' id='word_1_55' title='bbox 404 1008 496 1076; x_wconf 83' lang='grc' dir='ltr'><strong><em>ἐστιν</em></strong></span> <span class='ocrx_word' id='word_1_56' title='bbox 527 1003 579 1075; x_wconf 81' lang='grc' dir='ltr'><strong><em>ἀεὶ</em></strong></span> <span class='ocrx_word' id='word_1_57' title='bbox 613 1008 668 1075; x_wconf 81' lang='grc' dir='ltr'><strong><em>καὶ</em></strong></span> <span class='ocrx_word' id='word_1_58' title='bbox 701 1005 746 1075; x_wconf 77' lang='grc' dir='ltr'><strong><em>δι’</em></strong></span> <span class='ocrx_word' id='word_1_59' title='bbox 778 1005 854 1088; x_wconf 84' lang='grc' dir='ltr'><strong><em>ἑνὸς</em></strong></span> <span class='ocrx_word' id='word_1_60' title='bbox 890 1009 1048 1076; x_wconf 76' lang='grc' dir='ltr'><strong><em>ἐκδίδωσι</em></strong></span> <span class='ocrx_word' id='word_1_61' title='bbox 1080 1012 1142 1077; x_wconf 88' lang='grc' dir='ltr'><strong><em>τοῦ</em></strong></span> 
     </span>
     <span class='ocr_line' id='line_1_9' title="bbox 128 1111 1143 1202; baseline 0.001 -21"><span class='ocrx_word' id='word_1_62' title='bbox 128 1119 274 1200; x_wconf 81' lang='grc' dir='ltr'><strong><em>γνησίου</em></strong></span> <span class='ocrx_word' id='word_1_63' title='bbox 300 1113 463 1201; x_wconf 86' lang='grc' dir='ltr'><strong><em>στόματος</em></strong></span> <span class='ocrx_word' id='word_1_64' title='bbox 494 1111 694 1182; x_wconf 83' lang='grc' dir='ltr'><strong><em>ἀνακόπτων</em></strong></span> <span class='ocrx_word' id='word_1_65' title='bbox 725 1113 784 1194; x_wconf 83' lang='grc' dir='ltr'><strong><em>τὰς</em></strong></span> <span class='ocrx_word' id='word_1_66' title='bbox 816 1120 994 1199; x_wconf 79' lang='grc' dir='ltr'><strong><em>πελαγίους</em></strong></span> <span class='ocrx_word' id='word_1_67' title='bbox 1026 1116 1143 1202; x_wconf 85' lang='grc' dir='ltr'><strong><em>ῥαχίας</em></strong></span> 
     </span>
     <span class='ocr_line' id='line_1_10' title="bbox 126 1218 1142 1348; baseline 0.001 -60"><span class='ocrx_word' id='word_1_68' title='bbox 126 1223 186 1348; x_wconf 68' lang='grc' dir='ltr'><strong><em>της</em></strong></span> <span class='ocrx_word' id='word_1_69' title='bbox 207 1219 387 1308; x_wconf 80' lang='grc' dir='ltr'><strong><em>θαλάττης,</em></strong></span> <span class='ocrx_word' id='word_1_70' title='bbox 410 1225 519 1290; x_wconf 90' lang='grc' dir='ltr'><strong><em>καίτοι</em></strong></span> <span class='ocrx_word' id='word_1_71' title='bbox 541 1219 646 1301; x_wconf 82' lang='grc' dir='ltr'><strong><em>πολύς</em></strong></span> <span class='ocrx_word' id='word_1_72' title='bbox 670 1218 795 1290; x_wconf 80' lang='grc' dir='ltr'><strong><em>αὐτόθι</em></strong></span> <span class='ocrx_word' id='word_1_73' title='bbox 817 1225 945 1308; x_wconf 89' lang='grc' dir='ltr'><strong><em>γίνεται</em></strong></span> <span class='ocrx_word' id='word_1_74' title='bbox 968 1221 1025 1289; x_wconf 85' lang='grc' dir='ltr'><strong><em>καὶ</em></strong></span> <span class='ocrx_word' id='word_1_75' title='bbox 1048 1229 1142 1309; x_wconf 90' lang='grc' dir='ltr'><strong><em>χαλε-</em></strong></span> 
     </span>
     <span class='ocr_line' id='line_1_11' title="bbox 127 1321 1182 1428; baseline 0.002 -34"><span class='ocrx_word' id='word_1_76' title='bbox 127 1323 191 1406; x_wconf 89' lang='grc' dir='ltr'><strong><em>πὸς</em></strong></span> <span class='ocrx_word' id='word_1_77' title='bbox 218 1323 235 1394; x_wconf 97' lang='lat'><strong><em>6</em></strong></span> <span class='ocrx_word' id='word_1_78' title='bbox 264 1325 423 1396; x_wconf 83' lang='grc' dir='ltr'><strong><em>πνίων’</em></strong></span> <span class='ocrx_word' id='word_1_79' title='bbox 404 1325 470 1396; x_wconf 89' lang='grc' dir='ltr'><strong><em>απὸ</em></strong></span> <span class='ocrx_word' id='word_1_80' title='bbox 498 1330 557 1414; x_wconf 83' lang='grc' dir='ltr'><strong><em>τῆς</em></strong></span> <span class='ocrx_word' id='word_1_81' title='bbox 584 1325 774 1415; x_wconf 58' lang='lat' dir='ltr'><strong><em>meque*</em></strong></span> <span class='ocrx_word' id='word_1_82' title='bbox 751 1353 883 1415; x_wconf 84' lang='grc' dir='ltr'><strong><em>ανεμος.</em></strong></span> <span class='ocrx_word' id='word_1_83' title='bbox 928 1331 966 1396; x_wconf 89' lang='grc' dir='ltr'><strong><em>αί</em></strong></span> <span class='ocrx_word' id='word_1_84' title='bbox 992 1321 1118 1416; x_wconf 71' lang='grc' dir='ltr'><strong><em>μὲν</em></strong></span> <span class='ocrx_word' id='word_1_85' title='bbox 1078 1353 1182 1428; x_wconf 75' lang='grc' dir='ltr'><strong><em>ουν10</em></strong></span> 
     </span>
     <span class='ocr_line' id='line_1_12' title="bbox 128 1388 1182 1522; baseline 0.003 -22"><span class='ocrx_word' id='word_1_86' title='bbox 128 1434 288 1502; x_wconf 81' lang='grc' dir='ltr'><strong><em>ἐπίκωποι</em></strong></span> <span class='ocrx_word' id='word_1_87' title='bbox 320 1434 400 1520; x_wconf 81' lang='grc' dir='ltr'><strong><em>νῆες</em></strong></span> <span class='ocrx_word' id='word_1_88' title='bbox 432 1431 588 1520; x_wconf 80' lang='grc' dir='ltr'><strong><em>ὁπηλίκαι</em></strong></span> <span class='ocrx_word' id='word_1_89' title='bbox 619 1432 693 1504; x_wconf 88' lang='grc' dir='ltr'><strong><em>ποτ’</em></strong></span> <span class='ocrx_word' id='word_1_90' title='bbox 720 1430 763 1503; x_wconf 87' lang='grc' dir='ltr'><strong><em>ἀν</em></strong></span> <span class='ocrx_word' id='word_1_91' title='bbox 798 1425 897 1502; x_wconf 84' lang='grc' dir='ltr'><strong><em>οὖσαι</em></strong></span> <span class='ocrx_word' id='word_1_92' title='bbox 927 1434 1054 1522; x_wconf 88' lang='grc' dir='ltr'><strong><em>τύχωσι</em></strong></span> <span class='ocrx_word' id='word_1_93' title='bbox 1085 1388 1182 1503; x_wconf 75' lang='grc' dir='ltr'><strong><em>καὶ10</em></strong></span> 
     </span>
     <span class='ocr_line' id='line_1_13' title="bbox 128 1536 1142 1628; baseline 0.003 -21"><span class='ocrx_word' id='word_1_94' title='bbox 128 1541 197 1608; x_wconf 85' lang='grc' dir='ltr'><strong><em>τῶν</em></strong></span> <span class='ocrx_word' id='word_1_95' title='bbox 225 1536 380 1608; x_wconf 77' lang='grc' dir='ltr'><strong><em>ὁλκάδων</em></strong></span> <span class='ocrx_word' id='word_1_96' title='bbox 408 1543 447 1609; x_wconf 86' lang='grc' dir='ltr'><strong><em>αλ</em></strong></span> <span class='ocrx_word' id='word_1_97' title='bbox 470 1541 566 1628; x_wconf 78' lang='grc' dir='ltr'><strong><em>μέχρι</em></strong></span> <span class='ocrx_word' id='word_1_98' title='bbox 592 1539 876 1628; x_wconf 84' lang='grc' dir='ltr'><strong><em>τρισχιλιοφόρων</em></strong></span> <span class='ocrx_word' id='word_1_99' title='bbox 904 1539 1081 1628; x_wconf 88' lang='grc' dir='ltr'><strong><em>είσάγουσί</em></strong></span> <span class='ocrx_word' id='word_1_100' title='bbox 1107 1566 1142 1610; x_wconf 87' lang='grc' dir='ltr'><strong><em>τε</em></strong></span> 
     </span>
     <span class='ocr_line' id='line_1_14' title="bbox 128 1643 1143 1742; baseline 0.002 -28"><span class='ocrx_word' id='word_1_101' title='bbox 128 1643 186 1714; x_wconf 75' lang='grc' dir='ltr'><strong><em>θιά</em></strong></span> <span class='ocrx_word' id='word_1_102' title='bbox 207 1651 269 1716; x_wconf 90' lang='grc' dir='ltr'><strong><em>τοῦ</em></strong></span> <span class='ocrx_word' id='word_1_103' title='bbox 297 1647 460 1734; x_wconf 86' lang='grc' dir='ltr'><strong><em>στόματος</em></strong></span> <span class='ocrx_word' id='word_1_104' title='bbox 490 1643 595 1716; x_wconf 83' lang='grc' dir='ltr'><strong><em>αὐτοῦ</em></strong></span> <span class='ocrx_word' id='word_1_105' title='bbox 622 1649 678 1716; x_wconf 83' lang='grc' dir='ltr'><strong><em>καὶ</em></strong></span> <span class='ocrx_word' id='word_1_106' title='bbox 706 1649 801 1735; x_wconf 80' lang='grc' dir='ltr'><strong><em>μέχρι</em></strong></span> <span class='ocrx_word' id='word_1_107' title='bbox 830 1651 890 1734; x_wconf 83' lang='grc' dir='ltr'><strong><em>τῆς</em></strong></span> <span class='ocrx_word' id='word_1_108' title='bbox 907 1645 1034 1735; x_wconf 86' lang='grc' dir='ltr'><strong><em>Ῥῶμης</em></strong></span> <span class='ocrx_word' id='word_1_109' title='bbox 1058 1652 1143 1742; x_wconf 85' lang='grc' dir='ltr'><strong><em>είρε-Ι</em></strong></span> 
     </span>
     <span class='ocr_line' id='line_1_15' title="bbox 128 1753 1142 1843; baseline 0.001 -23"><span class='ocrx_word' id='word_1_110' title='bbox 128 1758 185 1843; x_wconf 84' lang='grc' dir='ltr'><strong><em>σίμ</em></strong></span> <span class='ocrx_word' id='word_1_111' title='bbox 207 1753 264 1820; x_wconf 80' lang='grc' dir='ltr'><strong><em>καί</em></strong></span> <span class='ocrx_word' id='word_1_112' title='bbox 287 1753 412 1842; x_wconf 82' lang='grc' dir='ltr'><strong><em>ῥύμασι</em></strong></span> <span class='ocrx_word' id='word_1_113' title='bbox 439 1753 684 1842; x_wconf 86' lang='grc' dir='ltr'><strong><em>παρελκόμεναι</em></strong></span> <span class='ocrx_word' id='word_1_114' title='bbox 710 1759 916 1842; x_wconf 76' lang='grc' dir='ltr'><strong><em>κομίζονται,</em></strong></span> <span class='ocrx_word' id='word_1_115' title='bbox 944 1756 982 1821; x_wconf 77' lang='lat' dir='ltr'><strong><em>ac</em></strong></span> <span class='ocrx_word' id='word_1_116' title='bbox 1007 1753 1046 1823; x_wconf 68' lang='grc' dir='ltr'><strong><em>δὲ</em></strong></span> <span class='ocrx_word' id='word_1_117' title='bbox 1073 1759 1142 1841; x_wconf 90' lang='grc' dir='ltr'><strong><em>μεί-</em></strong></span> 
     </span>
     <span class='ocr_line' id='line_1_16' title="bbox 128 1857 1181 1949; baseline -0.004 -21"><span class='ocrx_word' id='word_1_118' title='bbox 128 1865 205 1942; x_wconf 80' lang='grc' dir='ltr'><strong><em>ζους</em></strong></span> <span class='ocrx_word' id='word_1_119' title='bbox 227 1858 291 1947; x_wconf 88' lang='grc' dir='ltr'><strong><em>πρὸ</em></strong></span> <span class='ocrx_word' id='word_1_120' title='bbox 313 1864 376 1930; x_wconf 89' lang='grc' dir='ltr'><strong><em>τοῦ</em></strong></span> <span class='ocrx_word' id='word_1_121' title='bbox 398 1859 562 1949; x_wconf 85' lang='grc' dir='ltr'><strong><em>στόματος</em></strong></span> <span class='ocrx_word' id='word_1_122' title='bbox 585 1857 635 1929; x_wconf 83' lang='grc' dir='ltr'><strong><em>ἐπ’</em></strong></span> <span class='ocrx_word' id='word_1_123' title='bbox 661 1859 819 1947; x_wconf 76' lang='grc' dir='ltr'><strong><em>ἀγκυρῶν</em></strong></span> <span class='ocrx_word' id='word_1_124' title='bbox 843 1859 1046 1929; x_wconf 79' lang='grc' dir='ltr'><strong><em>σαλεύουσαι</em></strong></span> <span class='ocrx_word' id='word_1_125' title='bbox 1069 1873 1141 1940; x_wconf 86' lang='grc' dir='ltr'><strong><em>ταῖς</em></strong></span> <span class='ocrx_word' id='word_1_126' title='bbox 1156 1881 1181 1924; x_wconf 81' lang='lat'><strong><em>15</em></strong></span> 
     </span>
     <span class='ocr_line' id='line_1_17' title="bbox 127 1963 1161 2057; baseline 0.001 -24"><span class='ocrx_word' id='word_1_127' title='bbox 127 1980 332 2054; x_wconf 75' lang='grc' dir='ltr'><strong><em>ποταμηγοῖς</em></strong></span> <span class='ocrx_word' id='word_1_128' title='bbox 374 1964 634 2055; x_wconf 78' lang='grc' dir='ltr'><strong><em>ἀπογεμίζονταί</em></strong></span> <span class='ocrx_word' id='word_1_129' title='bbox 671 1995 706 2036; x_wconf 92' lang='grc' dir='ltr'><strong><em>τε</em></strong></span> <span class='ocrx_word' id='word_1_130' title='bbox 750 1967 806 2035; x_wconf 85' lang='grc' dir='ltr'><strong><em>καλ</em></strong></span> <span class='ocrx_word' id='word_1_131' title='bbox 850 1963 1161 2057; x_wconf 77' lang='grc' dir='ltr'><strong><em>ἀντιφορτίζονται’</em></strong></span> 
     </span>
     <span class='ocr_line' id='line_1_18' title="bbox 128 2071 1182 2168; baseline 0 -27"><span class='ocrx_word' id='word_1_132' title='bbox 128 2072 281 2160; x_wconf 82' lang='grc' dir='ltr'><strong><em>σκάφαις.</em></strong></span> <span class='ocrx_word' id='word_1_133' title='bbox 327 2077 365 2144; x_wconf 83' lang='grc' dir='ltr'><strong><em>ἐν</em></strong></span> <span class='ocrx_word' id='word_1_134' title='bbox 393 2074 431 2142; x_wconf 72' lang='grc' dir='ltr'><strong><em>δὲ</em></strong></span> <span class='ocrx_word' id='word_1_135' title='bbox 457 2078 503 2168; x_wconf 79' lang='grc' dir='ltr'><strong><em>τῶ</em></strong></span> <span class='ocrx_word' id='word_1_136' title='bbox 533 2072 654 2162; x_wconf 84' lang='grc' dir='ltr'><strong><em>μεταξύ</em></strong></span> <span class='ocrx_word' id='word_1_137' title='bbox 681 2078 744 2143; x_wconf 91' lang='grc' dir='ltr'><strong><em>τοῦ</em></strong></span> <span class='ocrx_word' id='word_1_138' title='bbox 771 2099 807 2142; x_wconf 90' lang='grc' dir='ltr'><strong><em>τε</em></strong></span> <span class='ocrx_word' id='word_1_139' title='bbox 829 2078 982 2162; x_wconf 83' lang='grc' dir='ltr'><strong><em>ποταμοῦ</em></strong></span> <span class='ocrx_word' id='word_1_140' title='bbox 1004 2074 1060 2142; x_wconf 81' lang='grc' dir='ltr'><strong><em>καὶ</em></strong></span> <span class='ocrx_word' id='word_1_141' title='bbox 1082 2071 1182 2161; x_wconf 83' lang='grc' dir='ltr'><strong><em>της4</em></strong></span> 
     </span>
     <span class='ocr_line' id='line_1_19' title="bbox 71 2175 1143 2268; baseline -0.003 -19"><span class='ocrx_word' id='word_1_142' title='bbox 71 2178 300 2267; x_wconf 74' lang='grc' dir='ltr'><strong><em>σεσθαλάττης</em></strong></span> <span class='ocrx_word' id='word_1_143' title='bbox 327 2178 456 2266; x_wconf 84' lang='grc' dir='ltr'><strong><em>ἀγκῶνι</em></strong></span> <span class='ocrx_word' id='word_1_144' title='bbox 491 2181 593 2250; x_wconf 88' lang='grc' dir='ltr'><strong><em>πόλιν</em></strong></span> <span class='ocrx_word' id='word_1_145' title='bbox 625 2177 642 2249; x_wconf 91' lang='lat'><em>6</em></span> <span class='ocrx_word' id='word_1_146' title='bbox 676 2179 834 2267; x_wconf 80' lang='grc' dir='ltr'><strong><em>βασιλεὺς</em></strong></span> <span class='ocrx_word' id='word_1_147' title='bbox 866 2183 1061 2268; x_wconf 76' lang='grc' dir='ltr'><strong><em>ἐντειχίσας,</em></strong></span> <span class='ocrx_word' id='word_1_148' title='bbox 1098 2175 1143 2268; x_wconf 77' lang='grc' dir='ltr'><strong><em>ἣν</em></strong></span> 
     </span>
     <span class='ocr_line' id='line_1_20' title="bbox 127 2281 1249 2376; baseline 0 -22"><span class='ocrx_word' id='word_1_149' title='bbox 127 2282 195 2355; x_wconf 88' lang='grc' dir='ltr'><strong><em>ἀπὸ</em></strong></span> <span class='ocrx_word' id='word_1_150' title='bbox 221 2289 284 2354; x_wconf 89' lang='grc' dir='ltr'><strong><em>τοῦ</em></strong></span> <span class='ocrx_word' id='word_1_151' title='bbox 310 2285 560 2374; x_wconf 82' lang='grc' dir='ltr'><strong><em>συμβεβηκότος</em></strong></span> <span class='ocrx_word' id='word_1_152' title='bbox 584 2285 721 2356; x_wconf 78' lang='grc' dir='ltr'><strong><em>Ὠστίαν</em></strong></span> <span class='ocrx_word' id='word_1_153' title='bbox 749 2285 941 2374; x_wconf 87' lang='grc' dir='ltr'><strong><em>ῶνόμασεν,</em></strong></span> <span class='ocrx_word' id='word_1_154' title='bbox 968 2283 1012 2367; x_wconf 84' lang='grc' dir='ltr'><strong><em>ῶς</em></strong></span> <span class='ocrx_word' id='word_1_155' title='bbox 1040 2281 1071 2353; x_wconf 85' lang='lat'><strong><em>6’</em></strong></span> <span class='ocrx_word' id='word_1_156' title='bbox 1097 2281 1141 2354; x_wconf 87' lang='grc' dir='ltr'><strong><em>ἀν</em></strong></span> <span class='ocrx_word' id='word_1_157' title='bbox 1247 2369 1249 2376; x_wconf 18' lang='grc' dir='ltr'><strong><em>Α</em></strong></span> 
     </span>
     <span class='ocr_line' id='line_1_21' title="bbox 126 2389 1182 2482; baseline -0.004 -22"><span class='ocrx_word' id='word_1_158' title='bbox 126 2391 223 2480; x_wconf 79' lang='grc' dir='ltr'><strong><em>ἡμεῖς</em></strong></span> <span class='ocrx_word' id='word_1_159' title='bbox 254 2399 405 2479; x_wconf 87' lang='grc' dir='ltr'><strong><em>είποιμεν</em></strong></span> <span class='ocrx_word' id='word_1_160' title='bbox 440 2391 571 2481; x_wconf 89' lang='grc' dir='ltr'><strong><em>θύραν,</em></strong></span> <span class='ocrx_word' id='word_1_161' title='bbox 609 2390 650 2461; x_wconf 84' lang='grc' dir='ltr'><strong><em>οὐ</em></strong></span> <span class='ocrx_word' id='word_1_162' title='bbox 687 2392 795 2480; x_wconf 90' lang='grc' dir='ltr'><strong><em>μόνον</em></strong></span> <span class='ocrx_word' id='word_1_163' title='bbox 827 2390 1023 2482; x_wconf 79' lang='grc' dir='ltr'><strong><em>ἠπειρῶτιν,</em></strong></span> <span class='ocrx_word' id='word_1_164' title='bbox 1055 2389 1140 2461; x_wconf 89' lang='grc' dir='ltr'><strong><em>ἀλλά</em></strong></span> <span class='ocrx_word' id='word_1_165' title='bbox 1155 2413 1182 2456; x_wconf 78' lang='grc' dir='ltr'><strong><em>ιο</em></strong></span> 
     </span>
     <span class='ocr_line' id='line_1_22' title="bbox 126 2495 1141 2587; baseline 0 -19"><span class='ocrx_word' id='word_1_166' title='bbox 126 2500 184 2568; x_wconf 81' lang='grc' dir='ltr'><strong><em>καὶ</em></strong></span> <span class='ocrx_word' id='word_1_167' title='bbox 206 2504 392 2568; x_wconf 89' lang='grc' dir='ltr'><strong><em>θαλαττίαν</em></strong></span> <span class='ocrx_word' id='word_1_168' title='bbox 415 2497 642 2584; x_wconf 87' lang='grc' dir='ltr'><strong><em>παρεσκεύασε</em></strong></span> <span class='ocrx_word' id='word_1_169' title='bbox 665 2495 727 2586; x_wconf 78' lang='grc' dir='ltr'><strong><em>τὴν</em></strong></span> <span class='ocrx_word' id='word_1_170' title='bbox 745 2496 878 2587; x_wconf 88' lang='grc' dir='ltr'><strong><em>Ῥῶμην</em></strong></span> <span class='ocrx_word' id='word_1_171' title='bbox 901 2498 1063 2586; x_wconf 79' lang='grc' dir='ltr'><strong><em>γενέσθαι</em></strong></span> <span class='ocrx_word' id='word_1_172' title='bbox 1084 2501 1141 2568; x_wconf 82' lang='grc' dir='ltr'><strong><em>καὶ</em></strong></span> 
     </span>
     <span class='ocr_line' id='line_1_23' title="bbox 126 2603 761 2692; baseline 0.002 -18"><span class='ocrx_word' id='word_1_173' title='bbox 126 2609 196 2674; x_wconf 90' lang='grc' dir='ltr'><strong><em>τῶν</em></strong></span> <span class='ocrx_word' id='word_1_174' title='bbox 220 2609 426 2674; x_wconf 75' lang='grc' dir='ltr'><strong><em>διαποντίων</em></strong></span> <span class='ocrx_word' id='word_1_175' title='bbox 449 2603 591 2692; x_wconf 78' lang='grc' dir='ltr'><strong><em>ἀγαθῶν</em></strong></span> <span class='ocrx_word' id='word_1_176' title='bbox 615 2610 761 2692; x_wconf 75' lang='grc' dir='ltr'><strong><em>ἔγευσεν.</em></strong></span> 
     </span>
    </p>

    <p class='ocr_par' dir='ltr' id='par_1_3' title="bbox 126 2709 1190 3120">
     <span class='ocr_line' id='line_1_24' title="bbox 216 2709 1139 2801; baseline 0.001 -22"><span class='ocrx_word' id='word_1_177' title='bbox 216 2713 382 2782; x_wconf 87' lang='lat' dir='ltr'>XXXXV.</span> <span class='ocrx_word' id='word_1_178' title='bbox 401 2711 559 2801; x_wconf 82' lang='grc' dir='ltr'><strong><em>Ἐτείχισε</em></strong></span> <span class='ocrx_word' id='word_1_179' title='bbox 582 2711 620 2780; x_wconf 72' lang='grc' dir='ltr'><strong><em>δὲ</em></strong></span> <span class='ocrx_word' id='word_1_180' title='bbox 640 2711 752 2781; x_wconf 75' lang='grc' dir='ltr'><strong><em>καὶτὸ</em></strong></span> <span class='ocrx_word' id='word_1_181' title='bbox 770 2712 982 2800; x_wconf 88' lang='grc' dir='ltr'><strong><em>καλούμενον</em></strong></span> <span class='ocrx_word' id='word_1_182' title='bbox 1003 2709 1139 2781; x_wconf 90' lang='grc' dir='ltr'><strong><em>Ἰανίκο-</em></strong></span> 
     </span>
     <span class='ocr_line' id='line_1_25' title="bbox 127 2817 1142 2950; baseline -0.004 -61"><span class='ocrx_word' id='word_1_183' title='bbox 127 2817 237 2889; x_wconf 73' lang='grc' dir='ltr'><strong><em>λον’</em></strong></span> <span class='ocrx_word' id='word_1_184' title='bbox 227 2819 306 2906; x_wconf 90' lang='grc' dir='ltr'><strong><em>όρος</em></strong></span> <span class='ocrx_word' id='word_1_185' title='bbox 342 2817 476 2907; x_wconf 75' lang='grc' dir='ltr'><strong><em>ὑψηλὸν</em></strong></span> <span class='ocrx_word' id='word_1_186' title='bbox 513 2822 664 2888; x_wconf 77' lang='grc' dir='ltr'><strong><em>ἐπέκεινα</em></strong></span> <span class='ocrx_word' id='word_1_187' title='bbox 697 2822 759 2888; x_wconf 84' lang='grc' dir='ltr'><strong><em>τοῦ</em></strong></span> <span class='ocrx_word' id='word_1_188' title='bbox 799 2822 955 2950; x_wconf 74' lang='grc' dir='ltr'><strong><em>Τερίριος</em></strong></span> <span class='ocrx_word' id='word_1_189' title='bbox 990 2823 1142 2906; x_wconf 83' lang='grc' dir='ltr'><strong><em>ποταμοῦ</em></strong></span> 
     </span>
     <span class='ocr_line' id='line_1_26' title="bbox 126 2923 1190 3052; baseline -0.004 -57"><span class='ocrx_word' id='word_1_190' title='bbox 126 2931 282 3015; x_wconf 86' lang='grc' dir='ltr'><strong><em>κείμενον</em></strong></span> <span class='ocrx_word' id='word_1_191' title='bbox 314 2927 371 2994; x_wconf 80' lang='grc' dir='ltr'><strong><em>καὶ</em></strong></span> <span class='ocrx_word' id='word_1_192' title='bbox 402 2924 558 3052; x_wconf 80' lang='grc' dir='ltr'><strong><em>φρουρὰν</em></strong></span> <span class='ocrx_word' id='word_1_193' title='bbox 594 2923 715 3013; x_wconf 87' lang='grc' dir='ltr'><strong><em>ίκανην</em></strong></span> <span class='ocrx_word' id='word_1_194' title='bbox 748 2926 785 2993; x_wconf 78' lang='grc' dir='ltr'><strong><em>ἐν</em></strong></span> <span class='ocrx_word' id='word_1_195' title='bbox 818 2923 907 3016; x_wconf 86' lang='grc' dir='ltr'><strong><em>αύτῶ</em></strong></span> <span class='ocrx_word' id='word_1_196' title='bbox 940 2927 1190 3032; x_wconf 79' lang='grc' dir='ltr'><strong><em>κατέστησΨ</em></strong></span> 
     </span>
     <span class='ocr_line' id='line_1_27' title="bbox 127 3029 1141 3120; baseline -0.004 -18"><span class='ocrx_word' id='word_1_197' title='bbox 127 3032 365 3120; x_wconf 79' lang='grc' dir='ltr'><strong><em>ἀσφαλείας”</em></strong></span> <span class='ocrx_word' id='word_1_198' title='bbox 345 3057 442 3100; x_wconf 84' lang='grc' dir='ltr'><strong><em>ενεκα</em></strong></span> <span class='ocrx_word' id='word_1_199' title='bbox 472 3035 542 3101; x_wconf 89' lang='grc' dir='ltr'><strong><em>τῶν</em></strong></span> <span class='ocrx_word' id='word_1_200' title='bbox 580 3030 637 3100; x_wconf 77' lang='grc' dir='ltr'><strong><em>διὰ</em></strong></span> <span class='ocrx_word' id='word_1_201' title='bbox 673 3035 734 3100; x_wconf 90' lang='grc' dir='ltr'><strong><em>τοῦ</em></strong></span> <span class='ocrx_word' id='word_1_202' title='bbox 770 3034 921 3118; x_wconf 83' lang='grc' dir='ltr'><strong><em>ποταμοῦ</em></strong></span> <span class='ocrx_word' id='word_1_203' title='bbox 954 3029 1141 3098; x_wconf 79' lang='grc' dir='ltr'><strong><em>πλεόντων·</em></strong></span> 
     </span>
    </p>
   </div>
   <div class='ocr_carea' id='block_1_3' title="bbox 1161 1300 1182 1364">
    <p class='ocr_par' dir='ltr' id='par_1_4' title="bbox 1161 1300 1182 1364">
     <span class='ocr_line' id='line_1_28' title="bbox 1161 1300 1182 1364; baseline 0 0"><span class='ocrx_word' id='word_1_204' title='bbox 1161 1300 1182 1364; x_wconf 85' lang='grc'><strong>3</strong></span> 
     </span>
    </p>
   </div>
   <div class='ocr_carea' id='block_1_4' title="bbox 58 3255 1141 3530">
    <p class='ocr_par' dir='ltr' id='par_1_5' title="bbox 58 3255 1141 3530">
     <span class='ocr_line' id='line_1_29' title="bbox 201 3255 1141 3332; baseline -0.002 -16"><span class='ocrx_word' id='word_1_205' title='bbox 201 3267 217 3316; x_wconf 82' lang='lat'><strong>3</strong></span> <span class='ocrx_word' id='word_1_206' title='bbox 237 3257 468 3332; x_wconf 75' lang='grc' dir='ltr'><strong><em>ἐμφραττομένον</em></strong></span> <span class='ocrx_word' id='word_1_207' title='bbox 482 3263 586 3318; x_wconf 81' lang='lat' dir='ltr'><strong>Reiske</strong></span> <span class='ocrx_word' id='word_1_208' title='bbox 602 3265 606 3331; x_wconf 81' lang='grc' dir='ltr'>Ι</span> <span class='ocrx_word' id='word_1_209' title='bbox 623 3258 720 3318; x_wconf 87' lang='grc' dir='ltr'><strong><em>ἀλλοτε</em></strong></span> <span class='ocrx_word' id='word_1_210' title='bbox 739 3255 852 3316; x_wconf 87' lang='grc' dir='ltr'><strong><em>ἀλλαΒ</em></strong></span> <span class='ocrx_word' id='word_1_211' title='bbox 891 3265 940 3316; x_wconf 86' lang='grc'>9</span> <span class='ocrx_word' id='word_1_212' title='bbox 959 3257 1104 3329; x_wconf 87' lang='grc' dir='ltr'><strong><em>θαλάττης</em></strong></span> <span class='ocrx_word' id='word_1_213' title='bbox 1118 3261 1141 3314; x_wconf 88' lang='grc' dir='ltr'>Β</span> 
     </span>
     <span class='ocr_line' id='line_1_30' title="bbox 127 3328 1141 3420; baseline -0.002 -30"><span class='ocrx_word' id='word_1_214' title='bbox 127 3328 274 3419; x_wconf 79' lang='grc' dir='ltr'><strong><em>θαλάσσης</em></strong></span> <span class='ocrx_word' id='word_1_215' title='bbox 301 3335 327 3388; x_wconf 76' lang='grc' dir='ltr'><strong><em>Β,</em></strong></span> <span class='ocrx_word' id='word_1_216' title='bbox 426 3339 459 3388; x_wconf 81' lang='lat'><strong><em>12</em></strong></span> <span class='ocrx_word' id='word_1_217' title='bbox 487 3329 714 3420; x_wconf 85' lang='grc' dir='ltr'><strong><em>τροχηλιοφόρων</em></strong></span> <span class='ocrx_word' id='word_1_218' title='bbox 741 3332 767 3386; x_wconf 85' lang='grc' dir='ltr'><strong>Α</strong></span> <span class='ocrx_word' id='word_1_219' title='bbox 864 3338 896 3387; x_wconf 79' lang='grc'><strong><em>17</em></strong></span> <span class='ocrx_word' id='word_1_220' title='bbox 924 3351 954 3387; x_wconf 87' lang='grc' dir='ltr'><strong><em>τε</em></strong></span> <span class='ocrx_word' id='word_1_221' title='bbox 982 3331 1005 3384; x_wconf 90' lang='grc' dir='ltr'><strong>Β</strong></span> <span class='ocrx_word' id='word_1_222' title='bbox 1033 3348 1087 3386; x_wconf 88' lang='lat' dir='ltr'><strong><em>om.</em></strong></span> <span class='ocrx_word' id='word_1_223' title='bbox 1115 3333 1141 3388; x_wconf 78' lang='lat' dir='ltr'><strong>R</strong></span> 
     </span>
     <span class='ocr_line' id='line_1_31' title="bbox 58 3397 1140 3530; baseline -0.001 -71"><span class='ocrx_word' id='word_1_224' title='bbox 58 3431 60 3438; x_wconf 30' lang='grc' dir='ltr'><strong><em>ι</em></strong></span> <span class='ocrx_word' id='word_1_225' title='bbox 128 3397 294 3530; x_wconf 49' lang='grc' dir='ltr'><strong><em>χὸποὲχχιρόνρι</em></strong></span> <span class='ocrx_word' id='word_1_226' title='bbox 312 3405 338 3459; x_wconf 84' lang='grc' dir='ltr'><strong>Α</strong></span> <span class='ocrx_word' id='word_1_227' title='bbox 354 3407 358 3474; x_wconf 87' lang='grc'>1</span> <span class='ocrx_word' id='word_1_228' title='bbox 374 3399 457 3459; x_wconf 91' lang='grc' dir='ltr'><strong><em>πόλιν</em></strong></span> <span class='ocrx_word' id='word_1_229' title='bbox 473 3405 496 3458; x_wconf 93' lang='grc' dir='ltr'>Β</span> <span class='ocrx_word' id='word_1_230' title='bbox 514 3401 643 3460; x_wconf 86' lang='grc' dir='ltr'><strong><em>πάλινΑ</em></strong></span> <span class='ocrx_word' id='word_1_231' title='bbox 718 3409 750 3458; x_wconf 88' lang='grc'><strong><em>19</em></strong></span> <span class='ocrx_word' id='word_1_232' title='bbox 766 3397 870 3457; x_wconf 87' lang='grc' dir='ltr'><strong><em>ῶοτίαν</em></strong></span> <span class='ocrx_word' id='word_1_233' title='bbox 888 3399 974 3458; x_wconf 79' lang='grc' dir='ltr'><strong><em>Βο’</em></strong></span> <span class='ocrx_word' id='word_1_234' title='bbox 953 3403 1073 3458; x_wconf 86' lang='grc' dir='ltr'><strong><em>ωοτείαν</em></strong></span> <span class='ocrx_word' id='word_1_235' title='bbox 1092 3403 1140 3458; x_wconf 89' lang='lat' dir='ltr'><strong><em>Bb</em></strong></span> 
     </span>
    </p>
   </div>
   <div class='ocr_carea' id='block_1_5' title="bbox 0 0 1334 3986">
    <p class='ocr_par' dir='ltr' id='par_1_6' title="bbox 0 0 1334 3986">
     <span class='ocr_line' id='line_1_32' title="bbox 0 0 1334 3986; baseline 0 0"><span class='ocrx_word' id='word_1_236' title='bbox 0 0 1334 3986; x_wconf 95' lang='lat' dir='ltr'><strong><em> </em></strong></span> 
     </span>
    </p>
   </div>
  </div>
 </body>
</html>
