2682 3982
558 219 725 272 ..Γ-

135 377 212 448 όσια
243 377 427 466 φυλάττειν
457 377 519 466 τὴν
551 375 608 448 ὑπ’
639 375 833 466 ἀνθρώπων
866 387 1150 448 συντελεσθεῖσαν

133 483 217 573 ὑπὲρ
245 486 351 554 αὐτοῦ
378 489 506 573 κρίσιν,
534 483 619 554 ἀλλὰ
642 483 938 572 μεταπεμψάμενος
959 486 1040 567 τοὺς
1063 487 1148 574 ίερο-

134 591 264 688 φάντος
291 593 464 662 ἐκέλευσεν
494 591 712 673 ἐξιλάσασθαι
741 591 848 672 θεούς
877 617 913 662 τε
943 592 1000 660 καί
1032 595 1148 679 δαίμο-

132 725 195 778 νας
210 699 273 767 ’καί
295 702 445 787 καθῆραι
466 699 528 768 τὸν
547 697 658 788 ἀνδρα
677 693 728 780 οἷς
745 698 852 787 νόμος
869 698 948 779 τοὺς
966 697 1149 778 ἀκουσίους

133 805 264 892 φόνους
281 802 478 892 ἁγνίζεσθαι
495 815 693 894 καθαρμοῖς.
733 805 883 876 κάκεῖνοι
903 805 1038 894 βωμοὺς
1058 791 1186 918 ίδρυῧ7

134 911 275 999 σάμενοι
303 911 365 980 δύο
397 914 459 980 τὸν
487 911 548 999 μέν
568 911 688 1001 Ἥρας,
716 909 736 1000 ἣ
767 915 925 1000 λέλογχεν
956 915 1147 982 ἐπισκοπεῖν

80 1015 304 1105 εεθάδελφάς,
327 1015 387 1086 τὸν
411 1015 444 1086 δ’
467 1020 582 1107 ἕτερον
606 1021 786 1107 ἐπιχωρίου
808 1024 895 1090 θεοῦ
917 1045 1010 1100 τινος
1031 1015 1053 1107 ἢ
1078 1023 1149 1088 δαί

133 1151 239 1212 μουος
267 1123 378 1194 Ἰανοῦ
410 1128 595 1213 λεγομένου
625 1129 708 1196 κατὰ
740 1126 803 1214 τὴν
836 1125 1015 1213 έπιχεόριου
1047 1129 1149 1212 γλῶτ-

132 1257 211 1318 ταν,
235 1231 416 1320 ἐπωνύμου
441 1232 478 1302 δέ
500 1239 680 1322 Κορατίων
705 1237 773 1302 τῶν
797 1231 1050 1322 ἀναιρεθέντων
1073 1231 1148 1300 ἀνε-

132 1341 223 1418 ψιῶν
249 1334 315 1408 ὑπὸ
345 1342 406 1408 τοῦ
433 1336 575 1427 ἀνδρός,
602 1340 658 1407 καὶ
685 1344 810 1420 θυσίας
834 1339 930 1420 τινάς
958 1337 1008 1408 ἐπ’
1035 1337 1148 1418 αὐτοῖς
1164 1366 1189 1406 ιο

133 1443 333 1530 ποιήσαντες
359 1459 430 1524 τοῖς
456 1471 492 1514 τε
519 1443 634 1524 ἀλλοις
660 1455 849 1534 καθαρμοῖς
879 1445 1064 1534 ἐχρήσαντο
1093 1446 1150 1514 καὶ

133 1552 351 1629 τελευτῶντες
376 1547 552 1637 ὑπήγαγον
579 1548 640 1620 τόν
657 1549 811 1639 Ὁράτιον
833 1549 899 1621 ὑπὸ
924 1552 1034 1638 ζυγόν.
1081 1558 1149 1621 ἔστι

136 1655 173 1724 δέ
191 1652 367 1743 Ῥωμαίοις
394 1655 556 1744 νόμιμον,
584 1655 666 1726 ὅταν
693 1663 863 1745 πολεμίων
889 1659 1149 1744 παραδιδόντων

133 1761 174 1830 τά
212 1759 299 1830 όπλα
335 1765 502 1850 γένωνται
542 1762 670 1851 κύριοι,
712 1763 775 1832 δύο
811 1764 1030 1852 καταπήττειν
1068 1764 1150 1846 ξύλα

135 1867 225 1956 όρθά
256 1871 312 1937 καί
343 1875 458 1958 τρίτον
491 1870 712 1959 ἐφαρμόττειν
749 1867 864 1950 αὐτοῖς
900 1871 1037 1940 ἀνωθεν
1068 1871 1149 1940 πλά-
1166 1895 1190 1936 15

132 2001 225 2061 γιον,
259 1973 366 2044 ἔπειθ’
400 1974 544 2063 ὑπάγειν
575 1975 655 2056 τοὺς
686 1976 917 2064 αἰχμαλώτους
947 1975 1014 2046 ὑπὸ
1046 1982 1149 2048 ταῦτα

132 2083 189 2150 καί
212 2082 413 2162 διελθόντας
436 2080 595 2154 ἀπολύειν
620 2086 821 2173 ἐλευθέρους
848 2086 902 2154 ἐπὶ
928 2084 969 2154 τά
997 2088 1150 2172 σφέτερα.

133 2193 233 2258 τοῦτο
265 2197 414 2258 καλεῖται
450 2187 527 2276 παρ’
558 2189 671 2271 αὐτοῖς
705 2191 826 2278 ζυγόν,
864 2183 889 2284 ᾦ
922 2193 978 2260 καί
1012 2196 1046 2260 οί
1075 2193 1150 2261 τότε

134 2301 357 2385 καθαίροντες
391 2295 452 2366 τὸν
489 2296 599 2385 ἀνδρα
639 2303 817 2388 τελευταίῳ
853 2302 922 2367 τῶν
959 2300 1036 2387 περί
1070 2303 1151 2380 τοὺς

134 2401 332 2491 καθαρμοὺς
354 2407 509 2491 νομίμων
534 2402 726 2492 ἐχρήσαντο.
769 2407 806 2474 ἐν
830 2396 857 2498 ᾧ
881 2404 920 2473 δὲ
941 2409 1000 2492 τῆς
1021 2403 1150 2486 πόλεως

134 2515 245 2601 χωρίφ
286 2508 347 2578 τὸν
388 2507 555 2597 ἁγνισμὸν
593 2510 793 2598 ἐποιήσαντο
835 2511 958 2592 πάντες
992 2510 1150 2600 Ῥωμαῖοι

134 2621 332 2703 νομίζουσιν
356 2615 464 2706 ίερόν·
487 2614 607 2685 ἔστιδ’
629 2619 666 2686 έν
689 2621 735 2709 τῷ
759 2623 918 2711 στενωπῷ
940 2622 987 2710 τῷ
1011 2621 1151 2708 φέροντι

78 2719 205 2790 47οἀπὸ
229 2726 382 2810 Καρίνης
407 2721 497 2792 κάτω
520 2735 591 2802 τοῖς
618 2723 671 2792 ἐπί
693 2721 754 2792 τὸν
776 2723 934 2811 Κύπριον
958 2727 1152 2815 ἐρχομένοις

136 2829 326 2916 στενωπόν,
350 2833 437 2899 ἔνθα
461 2833 551 2898 οἵτε
573 2831 682 2917 βωμοί
709 2832 873 2918 μένουσιν
900 2837 936 2901 οί
958 2833 1033 2902 τότε
1057 2836 1151 2920 ίδρυ-

135 2937 254 3017 θέντες
274 2938 331 3014 καλ
356 2936 458 3018 ξύλον
480 2934 565 3025 ὑπὲρ
585 2936 697 3008 αὐτῶν
715 2939 846 3008 τέταται
865 2939 944 3008 δυσί
965 2953 1037 3016 τοῖς
1058 2937 1151 3006 ἀντι·
1165 2958 1192 2999 ²5

135 3069 217 3132 κρυς
245 3041 401 3131 ἀλλήλων
428 3050 554 3131 τοίχοις
581 3045 849 3133 ἐνηρμοσμένον,
877 3041 896 3112 δ
924 3048 1052 3130 γίνεται
1080 3059 1152 3124 τοῖς

1169 2376 1189 2440 8

1164 2463 1191 2523 20.

1062 3203 1115 3241 W
1124 3223 1150 3277 Α

208 3229 226 3278 4
244 3223 373 3292 καθῆραι
390 3221 436 3278 Ba
453 3221 582 3308 καθᾶραι
600 3221 678 3276 BbR
754 3227 770 3276 5
791 3219 897 3276 ἐκεῖνοι
915 3221 960 3276 Ba
976 3221 981 3291 Ι
997 3221 1061 3290 ίδρυ

136 3290 362 3350 θέπικοπεῖνΒ
417 3287 605 3363 9ἐπωνυμου
624 3292 647 3346 Β
666 3288 833 3362 ἐπωνύμους
849 3293 875 3347 R
936 3297 968 3347 18
988 3289 1150 3380 gvy<62>13

136 3373 169 3422 19
193 3365 250 3420 τῶν
273 3367 320 3420 Ba
346 3366 384 3420 τά
409 3365 486 3420 ABb
572 3369 607 3419 20
631 3365 740 3434 νομίμω
763 3363 815 3418 ΑΒ
900 3369 934 3418 21
958 3362 1150 3426 *απαντεςΟ

135 3443 169 3492 23
188 3443 248 3500 τοῖς
273 3437 302 3492 ελ
326 3431 489 3522 έρχομένοις
512 3434 567 3490 del.
592 3434 721 3490 Schnelle
739 3435 838 3491 Exere.
861 3451 888 3506 p.
913 3441 945 3490 11
1020 3441 1054 3490 25
1074 3431 1151 3492 ἀντι·

135 3529 203 3579 κρυς
221 3509 244 3563 Β
262 3502 380 3578 ἀντικρυ
400 3507 426 3561 R
497 3510 531 3562 2ss
550 3505 700 3580 τ<οί>χοις
718 3507 741 3560 Β
