2682 3982
569 245 601 254 ·-
644 216 734 268 Γ-
1093 213 1159 279 311

144 373 337 464 θριάμβους
358 371 516 459 κατάγειν
537 375 666 443 τέκνων
685 372 799 454 αότοίς
817 371 1042 444 ἀπολωλότων
1065 379 1162 461 ἔναγ-

146 508 216 569 χος,
241 477 324 550 όταν
351 477 516 569 εὐτυχήσῃ
545 476 591 548 δι’
617 477 740 560 αὐτοὺς
766 477 805 550 τὸ
833 479 967 550 κοινόν·
999 477 1083 568 ὑιιδρ
1112 471 1162 550 ὧν

145 585 227 656 κατὰ
244 585 329 667 1τοὺς
352 591 496 667 οίκείους
519 589 584 672 ἐρῶ
606 586 755 673 καιρούς.

233 695 337 762 XXII.
372 691 469 764 Μετδι
497 693 535 762 δὲ
561 690 623 780 τὴν
652 692 762 782 μάχην
789 697 858 763 τόν
886 693 1060 782 τριδύμων
1082 691 1161 762 Ῥω-

145 815 239 889 μαῖοι
276 799 338 890 μὲν
375 804 411 869 οί
442 800 519 870 τότε
561 797 656 880 όντες
697 801 750 869 §nl
791 802 1019 887 στρατοπέδου
1054 800 1189 889 ταφάςι

145 907 367 996 ποιησάμενοι
394 905 546 996 λαμπράς
571 911 640 976 τῶν
668 904 917 977 ἀποθανόντων
944 910 982 977 ἐν
1011 902 1061 989 οἷς
1090 913 1162 977 ἔκε-

146 1033 209 1083 σον
241 1019 376 1102 χωρίοις
406 1014 461 1083 καλ
492 1013 662 1094 θύσαντες
691 1011 863 1083 τάκινίκια
893 1027 965 1094 τοῖς
995 1024 1092 1096 θεοῖς
1124 1017 1161 1083 ἐν

147 1118 341 1202 εὐπαθείαις
372 1113 475 1208 ἦσαν,
500 1119 657 1208 Ἀλβανολ
687 1119 728 1189 δὲ
759 1117 946 1209 ἀχθόμενοι
978 1123 1059 1207 [ἐστὶ]
1092 1135 1163 1202 τοῖς

147 1227 375 1316 συμβεβηκόσι
397 1223 454 1298 καὶ
475 1226 535 1298 τὸν
558 1226 708 1316 ἡγεμόνα
739 1226 785 1297 δι’
811 1233 919 1310 αίτίας
946 1233 1093 1318 ἔχοντες,
1117 1225 1162 1308 ὡς

144 1339 254 1414 κακῶς
281 1335 558 1424 ἐστρατηγηκότα,
590 1335 704 1405 όισιτοί
732 1362 767 1405 τε
796 1339 831 1404 οί
855 1340 974 1404 πολλοὶ
1000 1336 1057 1403 καὶ
1080 1332 1161 1403 άθε-
1176 1363 1202 1401 ιο

148 1439 305 1528 ράκευτοι
327 1439 391 1528 τὴν
415 1442 558 1529 ἑσκίραν
577 1444 709 1528 ἐκείνην
729 1443 928 1511 διετέλεσαν.
971 1446 1012 1531 τῇ
1033 1439 1064 1509 δ’
1087 1442 1161 1529 ἑξῆς
1180 1453 1201 1518 2

147 1544 255 1637 ἡμόρςι
279 1550 420 1630 καλέσας
445 1546 571 1628 αότοδς
600 1545 618 1617 ό
646 1551 716 1617 τῶν
734 1545 907 1636 Ῥωμαίων
934 1546 1092 1638 βασιλεὺς
1115 1553 1163 1628 είς

142 1643 324 1740 Ιἐκκλησίαν
364 1657 421 1724 καὶ
461 1652 569 1723 πολλὰ
608 1654 956 1743 παραμυθησάμενος,
998 1651 1044 1734 ὡς
1085 1653 1161 1723 οὔτε

145 1758 299 1848 άσχημον
326 1760 489 1843 ἐπιτάξων
515 1759 632 1841 αὐτοῖς
660 1759 767 1830 οὐθὲν
799 1759 876 1830 οὔτε
903 1759 1048 1850 χαλεπὸν
1079 1759 1159 1828 οὔθ’

140 1862 165 1935 δ
203 1866 247 1955 μὴ
283 1870 460 1956 συγγενέσι
496 1871 626 1958 πράττει,
662 1872 703 1956 τῇ
736 1867 773 1936 δὲ
803 1866 887 1957 αὐτῇ
923 1867 1041 1958 γνάμη
1082 1869 1158 1956 περὶ
1174 1883 1199 1924 1⁵

145 1971 346 2064 άμφοτίρων
374 1980 444 2044 τῶν
473 1975 605 2044 πόλεων
634 1973 675 2044 τὰ
704 1975 862 2064 κράτιστα
893 1976 949 2043 καὶ
981 1974 1161 2062 συμφορά-

145 2105 228 2149 τατα
250 2080 528 2168 συμβουλεύσων,
545 2083 602 2150 καλ
624 2080 686 2150 τόν
708 2076 857 2170 άρχοντά
878 2107 914 2150 τε
937 2079 1050 2152 αὐτόν
1072 2089 1160 2150 Φου-

90 2189 287 2275 467φίττιον
312 2188 364 2256 ἐπὶ
381 2191 442 2275 τῆς
464 2185 566 2275 αὐτῆς
585 2185 688 2276 ἀρχῆς
705 2185 880 2275 κατασχόν
899 2185 981 2256 άλλο
1004 2214 1039 2257 τε
1057 2185 1162 2256 οὐδὲν

141 2297 213 2363 Ιτάν
244 2298 425 2364 πολιτικῶν
457 2295 759 2384 μεθαρμοσάμενος
795 2291 877 2368 οὐδὲ
906 2293 1047 2382 κινήσας
1078 2293 1160 2381 άκῆ-

144 2427 205 2487 γεν
237 2399 287 2470 ἐπ’
314 2412 411 2472 ολκυυ
442 2401 505 2490 τὴν
538 2401 696 2490 δύναμιν.
745 2401 969 2489 καταγαγόντι
1002 2401 1039 2471 δὲ
1069 2399 1159 2494 αὐτῷ
1174 2453 1201 2494 ,0

144 2505 205 2576 τόν
236 2511 455 2596 ψηφισθέντα
487 2505 553 2578 ὑιιό
586 2512 645 2596 τῆς
675 2513 802 2596 βουλῆς
833 2513 1005 2598 θρίαμβον
1036 2510 1092 2578 καὶ
1119 2507 1160 2578 τά

144 2613 298 2684 πολιτικά
329 2616 487 2705 πράττειν
519 2615 694 2709 άρξαμίνφ
725 2612 969 2706 προσέρχονται
1000 2620 1069 2686 τάν
1100 2640 1160 2685 κο-

123 2725 250 2794 Λλιτόν
272 2718 396 2811 ἄνδρες
418 2721 480 2792 οόκ
498 2721 643 2812 άφανεϊς
671 2722 732 2794 τὸν
749 2720 904 2811 Ὁράτιον
932 2722 1071 2812 ἄγοντες
1093 2719 1159 2790 ὑπὸ

144 2830 262 2914 δίκην,
285 2823 331 2908 ὡς
353 2827 395 2898 οὐ
417 2829 573 2919 καθαρὸν
596 2833 735 2918 αἵματος
753 2831 920 2918 ἐμφυλίου
944 2830 1000 2899 διά
1022 2828 1083 2900 τόν
1101 2831 1160 2915 τῆς

143 2930 295 3022 ἀδελφῆς
321 2935 447 3023 φόνον·
477 2937 534 3005 ’καλ
562 2935 783 3016 καταστάντες
814 2935 945 3025 μακράν
979 2939 1160 3024 διεξῆλθον
1174 2956 1200 2998 ετ

217 3143 417 3205 8.ίπλοεωΒ
492 3143 856 3206 14οόθ’ὃΒοότεδΙλ
929 3145 1160 3262 Ιομὴτόσσυγ-

144 3270 227 3340 γενλς
244 3267 341 3361 ίπιτρί
341 3287 390 3328 ττει
408 3271 431 3329 O
442 3275 594 3364 φτκεδεεΒ
650 3279 682 3330 17
702 3269 979 3360 συμβουλεύσοντας
976 3274 1001 3328 Α
1015 3272 1160 3362 <βουλευ>

146 3337 316 3430 βασιλεὺς
295 3365 336 3400 ων
354 3346 376 3399 Β
393 3345 397 3414 Ι
414 3365 504 3401 αυτον
522 3346 548 3400 Α
621 3343 654 3400 '19
672 3343 836 3400 τολιτάνΒ
907 3339 979 3400 24
961 3365 999 3407 ως
1018 3340 1071 3400 οόκ
1090 3340 1160 3399 ὄντα

144 3410 278 3540 ηαίὲφὲρόὲ
302 3434 326 3474 ο.
344 3415 448 3472 Reiske
525 3421 560 3472 2⁶
584 3411 826 3480 καταστάντεςίς
849 3410 934 3485 λόγον
951 3417 999 3472 vel
1022 3411 1051 3479 ἐς
1069 3416 1160 3486 κρίσιν

228 3503 291 3542 ιεε
