2660 3986
558 221 766 276 -Γ-’

227 385 380 452 XXVIII.
400 379 545 470 ’Ἀνδρες
562 380 721 471 Ῥωμαῖοί
740 385 850 452 τεκαὶ
868 381 966 452 ἄλλοι
984 388 1078 470 φίλοι
1096 383 1152 451 καὶ

138 490 318 578 σύμμαχοι,
342 487 420 570 τοὺς
443 488 505 577 μὲν
529 491 564 558 ἐκ
592 493 653 560 τοῦ
676 491 829 580 φανεροῦ
851 487 1081 578 τολμήσαντας
1104 493 1152 571 είς

138 595 286 684 πόλεμον
309 591 391 683 ἡμῖν
413 599 618 683 καταστήναι
643 599 851 682 Φιδηναίους
879 597 935 664 καὶ
963 594 1043 677 τοὺς
1070 615 1152 684 συμ-

138 701 266 790 μάχους
294 700 406 772 αὐτῶν
435 701 714 790 ἐτιμωρησάμεθα
742 701 806 771 σὺν
833 711 943 788 θεοῖς,
969 701 1026 770 καί
1056 705 1152 771 δυεῖν
1257 741 1263 754 ·

137 808 287 897 θάτερον
309 805 331 896 ή
359 807 547 878 παύσονται
574 808 612 880 τὸ
636 806 756 877 λοιπὸν
786 810 1004 896 ἐνοχλοῦντες
1025 805 1107 896 ἡμῖν
1130 806 1178 897 ήῡ

139 919 235 996 δίκας
265 920 419 986 τίσουσιν
448 919 496 984 ἐτι
527 915 658 984 τούτων
690 919 853 1004 χείρονας.
904 912 1037 984 ἀπαιτεῖ
1067 915 1105 984 δὲ
1133 913 1192 984 ὁ2

137 1021 265 1110 καιρός,
288 1023 358 1090 ἐπεὶ
380 1020 421 1094 τά
443 1025 557 1109 πρῶτα
581 1019 663 1109 ἡμῖν
680 1020 753 1090 κατ’
775 1019 877 1110 εὐχήν
895 1021 1074 1110 κεχώρηκε,
1096 1022 1152 1090 καὶ

138 1125 218 1208 τοὺς
253 1127 377 1209 ἄλλους
411 1127 669 1216 τιμωρήσασθαι
705 1136 900 1216 πολεμίους,
933 1126 1009 1198 ὅσοι
1042 1134 1152 1216 φίλων

139 1235 201 1322 μὲν
233 1239 369 1322 ἔχουσιν
404 1231 554 1322 ὀνόματα
584 1235 641 1302 καὶ
671 1233 941 1323 παρελήφθησαν
974 1239 1021 1315 είς
1052 1234 1153 1316 τόνδε

138 1341 199 1410 τὸν
226 1340 374 1428 πόλεμον
408 1338 453 1421 ὥς
478 1341 588 1420 κακῶς
617 1338 698 1422 τοὺς
728 1339 866 1421 κοινοὺς
897 1339 1042 1428 ἐχθροὺς
1071 1339 1149 1428 μεθ’
1167 1366 1193 1407 ιο

86 1444 241 1535 εονήμῶν
263 1447 476 1535 ποιήσοντες,
504 1448 722 1534 ἐγκατέλιπον
751 1446 788 1515 δὲ
814 1445 852 1517 τὸ
880 1445 964 1533 πρὸς
993 1443 1079 1535 ήμᾶς
1101 1472 1152 1516 πι-

140 1555 222 1622 στὸν
243 1555 299 1622 καλ
321 1552 402 1642 μετὰ
424 1557 493 1622 τῶν
514 1557 683 1640 πολεμίων
702 1551 915 1640 ἀπορρήτους
931 1553 1152 1641 ποιησάμενοι

140 1659 315 1748 συνθήκας
338 1664 537 1748 διαφθεῖραι
555 1657 683 1749 πάντας
704 1655 793 1746 ἡμᾶς
815 1658 1026 1745 ἐπεβάλοντο.
1066 1659 1154 1730 πολὺ
1171 1658 1193 1723 3

139 1765 203 1853 γὰρ
228 1759 323 1836 οὗτοι
345 1771 483 1846 κακίους
499 1767 569 1834 τῶν
593 1767 629 1834 ἐκ
645 1769 708 1834 τοῦ
727 1769 879 1854 φανεροῦ
897 1768 1067 1852 πολεμίων
1088 1767 1154 1834 είσλ

138 1873 194 1942 καὶ
217 1877 368 1960 μείζονος
389 1877 551 1961 τιμωρίας
573 1870 675 1955 ἄξιοι·
702 1869 782 1952 τοὺς
800 1871 861 1959 μὲν
884 1869 948 1959 γάρ
967 1872 1023 1940 καί
1046 1871 1153 1958 φυλά·
1168 1895 1193 1936 15

139 1982 264 2062 ξασθαι
300 1979 422 2071 ῥᾴδιον
458 1992 529 2061 τοϊς
564 1979 880 2066 ἐπιβουλευομένοις
916 1978 972 2046 καὶ
1004 1986 1153 2066 συμπλα-

138 2084 256 2166 κίντας
283 2084 328 2167 ὡς
361 2084 506 2176 ἐχθροὺς
537 2083 736 2174 ἀμύνασθαι
768 2084 933 2172 δυνατόν,
965 2091 1087 2173 φίλους
1118 2081 1150 2153 δ’

139 2197 274 2283 ἐχθρῶν
297 2199 379 2280 ἔργα
401 2197 583 2274 ποιοῦντας
603 2191 680 2262 οὔτε
699 2191 915 2279 φυλάξασθαι
933 2191 1055 2284 ῥᾴδιον
1077 2189 1154 2260 οὔτε

139 2299 337 2389 ἀμύνασθαι
363 2313 433 2379 τοῖς
455 2307 767 2387 προκαταληφθεῖσι
796 2297 954 2366 δυνατόν.
1001 2289 1093 2366 οὗτοι
1118 2296 1151 2364 δ’

140 2407 227 2477 είσὶν
256 2409 290 2475 οί
315 2407 527 2494 πεμφθέντες
552 2402 635 2493 ήμλν
657 2403 723 2474 ὑπὸ
752 2408 810 2493 τῆς
830 2401 1002 2492 Ἀλβανῶν
1025 2403 1193 2484 πόλεωςεο

139 2515 193 2584 ἐπὶ
217 2513 307 2606 δόλςσ
336 2511 505 2601 σύμμαχοι
531 2509 637 2580 κακὸν
664 2511 726 2600 μὲν
756 2511 862 2581 οὐθὲν
887 2509 948 2600 ὑφ’
973 2509 1071 2600 ήμῶν
1092 2535 1153 2580 πα-

138 2623 272 2708 θόντες,
290 2616 404 2707 ἀγαθὰ
424 2617 462 2689 δὲ
474 2615 582 2688 πολλὰ
604 2618 660 2686 καὶ
683 2617 819 2706 μεγάλα.
841 2616 989 2688 ’ἄποικοι
1007 2617 1070 2706 μὲν
1088 2615 1153 2705 γὰρ
1171 2621 1194 2686 4
1297 2707 1299 2714 Ι

140 2725 253 2798 αὐτῶν
282 2726 378 2808 ὄντες
405 2723 512 2794 οὐθὲν
539 2729 598 2813 τῆς
624 2725 756 2796 τούτων
783 2723 887 2813 ἀρχῆς
915 2725 1153 2813 παρασπάσαν-

139 2862 193 2915 τες
216 2839 309 2902 ίδίαν
332 2831 431 2921 ἰσχὺν
454 2833 510 2900 καὶ
534 2832 682 2921 δύναμιν
706 2831 771 2902 ἀπὸ
789 2837 858 2901 τῶν
881 2836 978 2901 ίδίωυ
997 2833 1152 2918 πολέμων

139 2939 367 3029 ἐκτησάμεθα,
396 2944 512 3008 ἔθνεσι
540 2938 578 3008 δὲ
606 2944 774 3027 μεγίστοις
795 2938 851 3007 καὶ
873 2935 1153 3024 πολεμικωτάτοις
1167 2964 1193 3007 τι

213 3179 227 3226 1
247 3170 297 3230 καλ
315 3167 345 3226 οἱ
360 3165 508 3239 άλλόφιλοι
525 3171 549 3225 Β
621 3176 638 3224 4
656 3147 738 3225 δυεῖν
754 3169 777 3222 Β
795 3169 877 3222 δυοῖν
895 3169 920 3222 R
993 3173 1026 3222 13
1045 3160 1153 3234 συνθή-

138 3261 192 3305 κας
210 3237 402 3314 ποιησάμενοι
420 3243 447 3302 Β,
526 3247 559 3298 16
582 3238 662 3305 τοὺς
673 3236 946 3312 ἐπιβουλευομένους
963 3239 989 3294 Α
1016 3245 1075 3300 τοῖς
1086 3233 1153 3318 Ιἐπι-

139 3347 436 3423 βουλευομέν<οι>ςΒ
495 3354 528 3404 19
547 3347 673 3404 τοιοῦτοι
688 3344 864 3402 c.B1‘i0heIer
879 3347 883 3414 1
900 3335 980 3400 οὗτοι
998 3339 1027 3399 δ’
1049 3306 1155 3402 ἐκεῖνάί

138 3420 162 3474 Β
226 3425 260 3474 22
279 3414 395 3475 ἄποικοι
414 3417 467 3490 μέν
486 3438 517 3488 γε
536 3419 559 3473 Β
578 3417 613 3474 cf.
632 3418 755 3475 Reudle'r
773 3417 864 3472 Τίτου.
882 3422 946 3486 p.2
1019 3420 1054 3471 24
1073 3419 1153 3474 πολε·
1228 3453 1231 3459 -

138 3493 212 3562 μίων
230 3489 253 3544 Β
271 3486 369 3546 πόνον
383 3507 411 3548 ο.
430 3489 532 3552 Βοὶελιο
