2660 3986
214 79 246 137 ι

522 207 718 288 ¹-1“—
1077 233 1140 302 371

125 390 181 471 λὲς
213 388 379 478 ὑπέλαβεν
412 389 517 477 είυαι,
555 388 688 462 ἀπασαυ
722 394 759 464 δὲ
794 393 857 483 τὴν
894 393 1052 482 στρατιὰν
1090 396 1143 464 έπί

125 504 297 579 Λατίνους
333 496 429 586 ἀγειυ
471 499 694 585 ἐβουλεύσατο
735 500 792 568 καὶ
827 506 958 570 τίθεται
998 507 1142 589 πλησίον

127 603 239 674 αὐτόν
271 602 332 674 τόν
363 603 501 695 χάρακα.
551 603 622 674 κατ’
646 603 757 704 Ιἀρχάς
794 605 857 694 μὲν
889 597 954 676 οὖν
992 605 1143 694 ὀκνηρῶς

126 709 219 798 είχον
243 710 393 801 ἑκάτεροι
419 710 542 792 πάσαις
568 709 855 782 ἀποκινδυνεῦσαι
881 727 954 793 ταῖς
977 713 1143 802 δυνάμεσι

9 811 10 874 ι
126 817 276 899 δεδιότες
315 815 374 898 τὰς
414 815 571 905 ἀλλήλων
606 819 838 907 παρασκευάς,
874 819 1168 909 ἀκρρβολισμούςι

127 925 164 994 δέ
187 923 357 1004 κατιόντες
385 926 421 992 έκ
448 927 517 994 τοῖν
547 925 722 1014 ἐρυμάτων
750 929 786 994 οί
810 928 905 1009 ψιλοὶ
928 925 1006 1015 παρ’
1033 927 1142 996 ἑκατέ-

126 1057 197 1120 ρων
219 1043 369 1118 συνεχεῖς
396 1033 573 1100 ἐποιοῦντο
601 1032 657 1100 καὶ
685 1021 773 1119 ἦσαν
802 1029 848 1112 ἀς
874 1030 915 1102 τὰ
937 1032 1043 1102 πολλὰ
1072 1032 1142 1102 ίσό-

124 1159 238 1226 μαχοι·
270 1136 382 1228 χρόνῳ
410 1135 443 1204 δ’
470 1135 613 1227 ὕστερον
642 1137 852 1226 ἐμπεσούσης
878 1137 1084 1229 ἀμφοτέροις
1106 1141 1181 1210 έκ3

124 1247 192 1314 τῶν
220 1243 385 1313 τοιούτων
418 1241 612 1332 ἁψιμαχιῶν
639 1251 849 1332 φιλονεικίας
878 1247 1143 1334 ἐπιβοηθοῦντες

125 1351 275 1438 ἑκάτεροι
297 1364 368 1432 τοῖς
391 1353 576 1439 σφετέροις,
599 1348 708 1438 ὀλίγοι
727 1352 789 1439 μέν
807 1353 846 1421 τὸ
865 1355 1011 1440 πρῶτον,
1030 1357 1142 1421 ἔπειτα
1156 1377 1182 1420 ιο

125 1457 316 1546 σύμπαντες
341 1457 610 1545 ἠναγκάσθησαν
639 1459 675 1526 έκ
701 1461 769 1526 τῶν
799 1461 1035 1546 στρατοπέδων
1062 1483 1143 1547 προ-

125 1572 249 1634 ελθεῖν.
288 1564 346 1634 καὶ
368 1563 589 1646 καταστάντες
612 1569 660 1645 είς
677 1563 788 1652 μάχην
807 1563 931 1652 ἀνδρες
951 1563 1029 1634 ούτε
1046 1573 1142 1634 πολε-

125 1675 232 1759 μικόν
255 1669 399 1758 ἀγόνων
418 1671 568 1760 ἀτριβεῖς
591 1669 669 1740 οὔτε
686 1670 811 1758 πλήθει
835 1669 923 1740 πολὺ
941 1667 1143 1752 ἀποδέοντες

28 1771 32 1778 ’
125 1776 279 1865 ἀλλήλων
302 1782 398 1860 πεζοί
416 1803 451 1846 τε
473 1778 529 1846 καὶ
560 1780 670 1858 ίππεϊς
691 1781 869 1868 προθυμίη
891 1803 927 1846 τε
950 1774 1142 1865 ὡρμημένοι

124 1882 208 1971 πρὸς
233 1881 294 1954 τὸν
322 1883 471 1971 πόλεμον
499 1879 601 1975 ὁμοίςι
627 1884 683 1952 καὶ
709 1884 887 1953 κινδύνων
913 1882 976 1952 τὸν
1002 1889 1141 1970 ἔσχατον
1156 1906 1182 1952 ιε

124 1989 344 2080 ἀναρριπτείν
381 1995 579 2080 νομίσαντες
614 1989 825 2079 ἠγωνίσαντο
863 1991 925 2077 μὲν
957 1987 1142 2078 ἀμφότεροι

128 2097 234 2186 λόγου
261 2095 376 2184 ἀξίως,
404 2101 626 2187 διεκρίθησαν
653 2097 692 2166 δὲ
718 2095 774 2166 ἀπ’
800 2094 957 2184 ἀλλήλων
985 2097 1143 2184 ἰσόμαχοι

69 2205 251 2288 υοσνωιτὸς
273 2205 507 2294 ἐπιλαβούσης.
552 2201 574 2292 ἡ
598 2207 713 2292 μέντοι
740 2202 822 2292 μετά
844 2201 906 2272 τὸν
929 2202 1045 2290 ἀγῶνα
1069 2199 1183 2270 διά-4

125 2341 203 2384 νοια
226 2314 391 2401 ἑκατέρων
415 2309 477 2398 οὐχ
501 2308 603 2399 ὁμοία
622 2313 788 2400 γενομένη
812 2308 984 2399 φανερούς
1006 2312 1142 2397 έποίησε

124 2419 205 2502 τοὺς
235 2432 385 2509 κρείττον
422 2416 698 2506 ἀγωνισαμένους
733 2418 803 2486 τεόν
837 2416 975 2504 ἑτέρων·
1006 2419 1046 2505 τῇ
1078 2413 1143 2504 γὰρ
1157 2437 1184 2486 νο

126 2528 200 2614 ἑξῆς
222 2523 330 2617 ἡμέρη
344 2531 485 2594 Λατῖνοι
503 2524 565 2612 μὲν
585 2521 696 2594 ούκέτι
713 2521 885 2612 προῄεσαν
908 2524 944 2592 ἐκ
961 2525 1023 2590 τοῦ
1041 2521 1143 2611 χάρα-

124 2661 194 2720 κος,
218 2625 240 2702 δ’
255 2632 295 2701 δε
312 2635 381 2701 τεόν
394 2629 568 2720 Ῥωμαίων
586 2629 743 2718 βασιλεὺς
766 2627 938 2718 έξαγαγάν
960 2626 1020 2709 τάς
1039 2629 1144 2698 δυνό-

126 2767 198 2829 μεις
221 2744 269 2820 είς
290 2737 328 2809 τὸ
346 2741 464 2808 πεδίον
483 2740 615 2826 ἕτοιμος
636 2729 681 2826 ἦν
700 2737 816 2826 ἑτέραν
836 2745 1010 2824 ποιεῖσθαι
1033 2735 1144 2824 μάχην

125 2847 181 2916 καί
213 2847 310 2936 μέχρι
341 2849 469 2914 πολλοῦ
503 2847 663 2933 κατέσχεν
695 2845 733 2913 έν
764 2842 853 2925 τάξει
885 2841 947 2929 τὴν
977 2840 1144 2929 φάλαγγα

127 2951 172 3034 ὡς
201 2955 232 3020 δ’
260 2949 321 3022 ούκ
348 2949 590 3042 ἀντεπεξῄεσαν
619 2954 655 3020 οί
679 2951 848 3038 πολέμιοι,
872 2946 1064 3038 ζσκυλεύσας
1086 2945 1143 3016 αύ-
1157 2965 1184 3014 ιο

126 3063 195 3130 τῶν
227 3058 307 3139 τοὺς
338 3057 481 3148 νεκρούς
512 3059 568 3126 καὶ
598 3055 678 3138 τούς
710 3060 819 3136 ίδίους
848 3053 1052 3140 ἀνελόμενος
1078 3051 1143 3122 σύν

126 3169 239 3260 πολλῷ
264 3163 430 3254 αὐχήματι
452 3163 559 3252 ἀπῆγε
586 3162 648 3251 τὴν
672 3160 832 3250 στρατιὰν
862 3161 915 3230 ἐπὶ
937 3159 998 3228 τὸν
1021 3160 1143 3228 ἑαυτοῦ

126 3299 266 3362 χαρακα.

199 3428 286 3489 δτὸν
309 3433 332 3488 Β
353 3450 406 3489 om.
424 3434 451 3488 R
531 3438 563 3487 15
588 3433 722 3488 κίνδυνον
746 3446 769 3485 ο.
788 3427 930 3497 Kiessling
1003 3431 1036 3480 16
1055 3420 1144 3496 ἀναρ-

128 3511 222 3578 ριπεῑν
241 3505 266 3558 Α
339 3510 373 3559 22
393 3503 448 3559 τῶν
466 3503 489 3557 Β
509 3518 562 3558 om.
582 3501 607 3556 Β
683 3507 719 3558 24
736 3498 873 3570 κατέσχεν
891 3499 914 3554 Β
932 3501 1064 3567 κατεῖχεν
1082 3497 1109 3552 Β

926 3586 982 3642 24*
