2698 3982
559 240 724 292 -A-
1106 240 1150 307 33

132 395 253 486 φόροι,
281 400 349 466 τόν
377 423 412 466 τε
436 402 537 484 ίερῶυ
564 401 601 466 αί
627 400 827 466 κατασκευαὶ
855 397 975 468 καὶτὰ
999 402 1149 487 ἕδητῶν

78 515 113 566 55
133 508 227 573 θεῶν
251 502 393 592 ἁγισμοί
411 529 446 573 τε
468 505 524 572 καλ
546 510 667 573 θυσίαι
681 506 738 573 καὶ
752 503 860 574 πολλὰ
882 509 1020 575 τοιαῦτα
1040 509 1150 595 ἕτερα·

132 612 271 681 πάντων
304 611 341 680 δὲ
373 613 661 698 περιφανέστατον
694 626 859 699 μνημεῖον
890 616 949 700 τής
979 615 1016 680 έν
1035 612 1190 700 ”Aprem

131 719 212 788 ποτὲ
236 717 396 805 οἰκήσεως
417 721 485 785 τῶν
509 714 704 804 ἀνθρώπων
734 720 872 787 ἐκείνων
897 725 933 786 ολ
952 717 1031 799 τοὺς
1052 727 1149 790 Σικε-

132 826 215 907 λοὺς
242 825 422 912 ἐξήλασαν,
451 822 469 892 ὁ
497 828 556 910 τής
580 821 686 912 Ἥρας
713 822 798 905 νεοδς
829 827 866 894 έν
898 831 1051 918 Φαλερίῳ
1074 849 1176 894 κατε

132 933 378 1018 εσκευασμένος
402 927 446 1010 ὡς
469 933 506 999 έν
519 929 644 1016 Ἄργει,
669 935 756 998 ἔνθα
779 931 834 999 καὶ
856 935 925 1000 τῶν
949 937 1148 1019 θυηπολιῶν

134 1037 152 1108 ὁ
175 1037 301 1126 τρόπος
324 1035 440 1124 ὅμοιος
462 1029 506 1123 ἦν
529 1037 585 1104 καὶ
608 1051 765 1122 γυναῖκες
788 1039 875 1126 ίεραλ
897 1037 1149 1125 θεραπεύουσαι

131 1145 170 1214 τὸ
203 1143 339 1232 τέμενος
369 1141 392 1230 ή
424 1171 459 1212 τε
491 1145 654 1267 λεχομένη
687 1143 881 1231 κανηφόρος
912 1142 1000 1232 όιχνή
1030 1145 1148 1232 νόμων

76 1257 79 1262 ’
132 1267 210 1332 παῖς
236 1252 467 1382 καταρχομένη
494 1253 563 1318 τῶν
590 1249 755 1337 θυμάτων
783 1258 882 1339 χοροί
906 1275 941 1319 τε
963 1254 1148 1338 παρθένων

131 1356 317 1446 υμνουστόυ
344 1356 411 1444 τήν
434 1354 519 1425 θεὸν
553 1355 657 1448 ῳδαῖς
678 1363 837 1446 πατρίοις.
879 1363 979 1445 ἔσχον
1008 1359 1047 1426 δέ
1072 1347 1189 1488 mag

133 1467 190 1532 καλ
215 1455 308 1532 οὗτοι
332 1469 401 1533 τεόν
424 1465 643 1550 καλουμένων
665 1468 862 1551 Καμπανωυ
888 1462 1038 1550 εὐβότων
1056 1465 1149 1534 πάνυ

132 1573 189 1640 καὶ
212 1570 274 1658 τήν
298 1570 379 1652 ὅσον
401 1570 549 1659 ἡδίστων
572 1574 700 1640 πεδίων
729 1569 790 1639 οὐκ
814 1573 990 1658 ἐλαχίστην
1014 1585 1148 1660 μολραν,

133 1684 236 1758 ἔθνος
258 1707 290 1748 τι
313 1677 521 1766 βαρβαρικὸν
536 1675 780 1764 Αὐρωνίσσους
802 1680 838 1746 ἐκ
860 1681 983 1766 μέρους
1005 1676 1148 1765 ἀναστή-

131 1806 250 1865 σαντες
280 1783 409 1854 αότῶν·
438 1785 493 1852 καλ
523 1784 636 1864 πόλεις
667 1782 790 1853 αότόθι
813 1784 1060 1852 κατεσκεύασαν
1091 1783 1148 1852 ἅλ-

131 1900 191 1972 λας
213 1919 248 1960 τε
270 1893 326 1959 καὶ
350 1891 519 1980 Λάρισαν,
548 1891 600 1958 έπλ
623 1894 682 1977 τῆς
712 1893 749 1958 έν
774 1890 1025 1981 Πελοποννήσῳ
1049 1896 1147 1977 σφῶν
1163 1913 1189 1954 ιο

46 2045 56 2060 .
131 1997 366 2086 μητροπόλεως
389 1995 496 2084 ὄνομα
519 1999 659 2083 θέμενοι
688 1994 781 2084 αὐτῇ.
827 2000 895 2064 τῶν
919 1995 980 2082 μέν
1005 1988 1068 2064 οὖν
1091 1996 1189 2067 &M

79 2112 113 2162 ⁶6
132 2113 203 2174 λων
230 2102 446 2191 πολισμάτων
475 2109 566 2171 ἔστιν
594 2101 615 2170 όὶ
643 2104 699 2170 καὶ
726 2105 840 2190 μέχρις
867 2105 950 2189 ἐμοῦ
977 2098 1067 2188 όρθδι
1093 2095 1148 2188 ήυ,

131 2215 355 2298 διαμείψαντα
383 2209 541 2288 πολλάκις
570 2207 650 2288 τοὺς
681 2209 874 2297 οἰκήτορας·
904 2205 925 2296 ή
955 2208 993 2276 δὲ
1016 2208 1148 2296 Λάρισα

131 2320 167 2386 ἐκ
190 2321 325 2385 πολλῶν
348 2316 439 2384 πάνυ
463 2315 596 2403 χρόνων
621 2318 834 2402 ἐρημωθεῖσα
864 2313 938 2384 οὐδ’
965 2321 996 2384 εί
1016 2315 1148 2384 πόποτε

131 2423 249 2516 ᾠκήθη
283 2422 458 2511 γνώρισμα
489 2419 642 2509 φανερόν
674 2419 775 2490 οὐδέν
807 2428 873 2510 ἔχει
903 2437 974 2502 τοῖς
1002 2427 1067 2491 νῦν
1096 2422 1147 2491 ότι
1162 2445 1188 2484 ω

131 2530 175 2618 μή
204 2528 375 2616 τοῦνομα,
404 2531 460 2596 καὶ
488 2527 569 2596 οόδδ
596 2532 696 2598 τοῦτο
726 2530 845 2598 πολλοὶ
876 2538 1007 2598 ίσασιν·
1036 2521 1079 2615 ήν
1111 2530 1148 2597 δὲ

131 2635 256 2725 ιἰχορόις
279 2641 446 2714 Ποπιλίας
468 2636 678 2722 καλουμένης
699 2633 740 2702 οὐ
758 2635 882 2722 πρόσω.
911 2633 1017 2703 πολλὰ
1037 2617 1147 2703 δὲκαὶ

130 2742 215 2812 ἄλλα
237 2745 297 2829 τής
319 2767 354 2809 τε
376 2745 652 2829 παραθαλαττίου
675 2741 729 2807 καὶ
745 2742 783 2808 ἐν
796 2743 836 2828 τή
861 2747 1022 2832 μεσογείῳ
1042 2747 1147 2828 χωρία

46 2849 49 2857 ’
129 2850 291 2937 κατέσχον
315 2846 519 2936 ἀφελόμενοι
542 2846 621 2927 τοὺς
644 2845 816 2926 Σικελούς.

202 3004 275 3070 θός
294 3003 309 3062 δ
330 3004 404 3063 ἔνο.
431 3008 543 3078 Kruger
565 3007 624 3062 Ind.
649 3024 691 3076 gr.
715 3024 755 3075 gr.
781 3024 807 3076 p.
828 3012 880 3061 250
908 3007 912 3077 λ
936 3005 1144 3074 θυηπολίωνΟ

130 3074 310 3164 ἵόμοροςΒ
335 3081 339 3146 Ι
364 3079 414 3133 καὶ
432 3079 486 3134 del
506 3079 619 3147 Sauppe
638 3077 710 3146 Eph.
735 3076 811 3131 Gott.
830 3084 950 3164 1861p.
972 3084 1040 3132 1860
1066 3079 1069 3143 Ι
1094 3079 1145 3130 θε-

129 3145 285 3237 ρατιεόουσι
305 3165 327 3203 υ.
343 3149 483 3220 Kiesnling
557 3155 589 3202 10
608 3147 641 3201 δέ
661 3167 726 3201 τινα
744 3147 793 3202 καλ
807 3139 927 3202 ουτοιΑ
946 3145 978 3202 δδ
998 3148 1046 3200 καί
1066 3139 1146 3201 οὖτοι

129 3221 152 3274 Β
183 3219 216 3276 δδ
241 3211 323 3276 οὗτοι
346 3221 396 3275 καλ
418 3220 519 3275 Reiske
615 3225 647 3273 13
671 3213 898 3290 αόρ<ο>νίοσους
922 3219 948 3272 Β
977 3213 1146 3287 Αόρόχιιονς

129 3292 188 3346 sive
216 3286 399 3376 Αόροόχκους
423 3291 545 3362 Sylburg
574 3292 603 3344 οδ
622 3289 736 3353 Portum
770 3289 805 3343 ef
825 3289 950 3344 Frbhner
968 3288 1069 3345 Philol.
1093 3289 1147 3343 XII

128 3381 157 3432 p.
175 3367 227 3416 217
292 3356 984 3448 1520402000121Ocorr.Ritsohllssu2B02⁷ch
1045 3367 1078 3416 18
1097 3357 1146 3415 λοί-

129 3449 210 3500 ρισσα
235 3433 271 3499 0,
300 3449 369 3488 corr.
397 3433 508 3488 Ritsohl
616 3436 650 3484 20
678 3427 779 3504 ῳκήθη
812 3431 954 3502 Kiessling
982 3427 1093 3502 ᾠκίσθη
1122 3433 1145 3488 Ο

129 3509 163 3557 22
182 3476 271 3558 πολλό
290 3521 320 3558 τε
340 3503 392 3556 ΑΒ
464 3509 498 3557 θθ
518 3498 549 3558 έν
567 3501 664 3571 τῶιμ.
683 3487 708 3556 'A

181 3611 567 3652 mom.1m.1.1n.Jmonn.r
966 3598 982 3646 3
