2660 3986
618 196 784 247 ..Γ-

153 355 468 441 4φιλανθρωπίαις
504 351 716 440 ἀνελάμβανε
752 349 790 420 τὸ
823 355 963 438 πλῆθος.
1017 349 1037 438 ἡ
1071 351 1133 438 μὲν
1169 351 1213 438 δὴ

193 463 262 528 τῶν
281 458 453 546 Ἀλβανῶν
480 459 592 546 πόλις,
618 455 663 546 ἣν
691 464 819 528 ἔκτισεν
843 456 1016 538 Ἀσκάνιος
1044 455 1062 526 ὁ
1092 461 1126 540 ἐξ
1151 464 1213 528 Αί-

194 573 290 636 νείου
317 570 379 636 τού
404 565 559 653 Ἀγχίσου
586 568 642 636 καὶ
669 565 847 652 Κρεούσης
872 569 931 652 της
957 564 1118 652 Πριάμου
1145 573 1213 633 θυ-

194 672 326 763 γατρός,
350 678 406 760 ἔτη
431 677 631 760 διαμείνασα
650 670 731 760 μετά
752 672 813 742 τὸν
833 669 988 760 οἰκισμὸν
1006 671 1213 755 πεντακόσια

168 785 299 870 ττριόν
322 781 376 848 ἐπὶ
397 795 469 860 τοῖς
492 782 572 850 δέκα
591 781 724 865 δέοντα,
747 781 785 848 ἐν
809 775 860 860 οἷς
876 777 1006 866 πολλὴν
1026 783 1122 864 ἔσχεν
1142 779 1212 846 ἐπί-

196 892 295 957 δοσιν
325 892 374 967 είς
400 885 585 973 εὐανδρίαν
612 912 648 956 τε
674 886 731 954 καὶ
757 889 906 955 πλοῦτον
933 886 990 954 καὶ
1017 883 1080 971 τὴν
1102 882 1214 972 ἀλλην

195 993 328 1062 ἅπασαν
352 992 573 1082 εὐδαιμονίαν
596 991 617 1080 ἡ
640 992 700 1073 τὰς
721 991 901 1080 τριάκοντα
924 997 1082 1062 Λατίνων
1115 989 1213 1060 ἀποι-

194 1106 316 1170 κίσασα
338 1098 452 1178 πόλεις
474 1100 530 1168 καὶ
552 1098 663 1168 πάντα
689 1097 750 1168 τὸν
778 1098 905 1186 χρόνον
928 1095 1123 1185 ἡγησαμένη
1146 1101 1212 1166 τού

196 1211 337 1292 ἔθνους,
368 1203 434 1274 ὑπὸ
465 1211 525 1293 τῆς
556 1205 695 1293 ἐσχάτης
726 1203 934 1292 ἀποικήσεως
964 1213 1213 1292 καθαιρεθεῖσα

155 1335 183 1376 10
197 1318 319 1401 ἔρημος
341 1317 389 1390 είς
410 1312 488 1382 τόδε
511 1311 639 1400 χρόνον
662 1314 822 1399 διαμένει.

156 1423 178 1490 5
285 1417 450 1500 Βασιλεύς
473 1419 512 1487 δὲ
538 1419 666 1500 Τύλλος
687 1417 748 1490 τὸν
772 1417 910 1490 ἐπιόντα
932 1422 1080 1506 χειμῶνα
1103 1423 1214 1487 διαλι-

195 1524 269 1596 πων
293 1513 391 1612 ἔαρος
413 1523 604 1614 ἀρχομένου
627 1524 770 1611 στρατὸν
797 1525 850 1594 ἐπὶ
876 1529 1085 1613 Φιδηναίους
1106 1525 1214 1594 πάλιν

196 1631 312 1719 ἐξάγει.
357 1647 428 1713 τοῖς
457 1632 495 1702 δὲ
524 1636 724 1720 Φιδηναίοις
752 1636 851 1720 κοινῇ
878 1631 940 1719 μὲν
969 1629 1043 1700 οὐδ’
1069 1630 1215 1720 ἡτισοῦν

195 1740 341 1828 βοήθεια
359 1743 393 1823 ἐξ
413 1739 572 1828 οὐδεμιᾶς
588 1742 658 1809 τόν
672 1741 893 1826 συμμαχίδων
911 1737 1049 1827 ἀφίκετο
1066 1739 1215 1827 πόλεων,
1305 1787 1306 1790 =

157 1865 183 1906 1⁵
197 1847 408 1936 μισθοφόροι
433 1848 473 1916 δέ
492 1872 582 1926 τινες
604 1848 640 1914 ἐκ
665 1848 801 1914 πολλῶν
825 1845 1061 1933 συνερρύησαν
1083 1845 1216 1933 τόπων,

197 1947 248 2034 οἷς
266 1953 502 2034 πιστεύσαντες
520 1952 716 2042 ἐθάρρησαν
735 1954 772 2020 ἐκ
788 1955 853 2040 τῆς
865 1951 994 2033 πόλεως
1013 1961 1215 2040 προελθεῖν·

195 2059 465 2150 παραταξάμενοι
492 2059 530 2128 δὲ
556 2060 613 2127 καὶ
644 2056 791 2138 πολλοὺς
818 2059 924 2146 <μδν>
955 2057 1217 2141 ἀποκτείναντες

197 2169 233 2236 ἐν
265 2171 306 2258 τῇ
338 2166 442 2256 μάχη,
474 2169 608 2258 <πολλῷ
646 2164 678 2232 δ’
709 2171 757 2235 ἔτι
788 2172 925 2246 πλείους
960 2165 1215 2257 ἀποβαλόντες>

157 2275 481 2361 6κατεκλείσθησαν
517 2272 619 2341 πάλιν
656 2277 705 2352 είς
739 2270 777 2341 τὸ
814 2270 908 2342 άστν.
963 2271 1008 2354 ὡς
1045 2273 1082 2342 δὲ
1114 2294 1270 2364 περι-605

47 2441 53 2450 .
156 2399 183 2438 2⁰
197 2379 394 2468 χαρακώσας
421 2379 533 2450 αὐτῶν
565 2377 627 2466 τὴν
654 2378 755 2449 πόλιν
786 2375 804 2446 ό
838 2378 965 2462 Τύλλος
992 2381 1049 2448 καὶ
1078 2405 1215 2469 περιτα-

197 2487 346 2574 φρεύσας
386 2492 434 2568 είς
472 2485 537 2574 τὴν
579 2485 722 2573 ἐσχάτην
761 2489 951 2555 κατέκλεισε
989 2486 1069 2568 τούς
1108 2492 1214 2558 ἔνδον

197 2593 354 2680 ἀπορίαν,
371 2591 639 2680 ἡναγκάσθησαν
662 2595 707 2684 τῷ
731 2597 865 2678 βασιλεῖ
885 2596 1099 2680 παραδοῦναι
1124 2599 1216 2682 σφᾶς

197 2697 320 2780 αὐτοὺς
351 2698 404 2787 ἐφ’
431 2693 482 2779 οἷς
513 2696 614 2778 αὐτὸς
645 2697 813 2785 ἐβούλετο.
866 2698 1049 2788 γενόμενος
1080 2699 1118 2769 δὲ
1149 2701 1214 2772 τὸν

196 2805 324 2896 τρόπον
355 2809 478 2875 τοῦτον
506 2803 524 2874 ό
553 2804 710 2893 βασιλεὺς
735 2808 794 2893 τῆς
824 2805 954 2886 πόλεως
984 2806 1102 2896 κύριος
1131 2807 1215 2889 τούς

156 2935 184 2979 ετ,
198 2919 328 2994 αἰτίους
350 2918 409 3002 τῆς
431 2911 646 2994 ἀποστάσεως
668 2911 879 2999 ἀποκτείνας,
908 2911 988 2994 τούς
1011 2913 1050 2982 δὲ
1072 2913 1214 2996 λοιποὺς

197 3019 347 3101 ἅπαντας
378 3018 549 3102 ἀπολύσας
579 3021 636 3090 καί
666 3018 708 3090 τά
744 3021 888 3107 σφέτερα
924 3019 1033 3090 πάντα
1064 3026 1212 3111 καρποῦ-

270 3188 285 3236 7
313 3175 331 3251 ἡ
361 3182 415 3237 del.
443 3181 587 3252 Kiessling
673 3187 689 3235 9
717 3174 888 3242 ἀποικίσεως
921 3179 943 3236 0
972 3197 1040 3236 corr.
1069 3180 1214 3253 Kiessling

199 3260 233 3308 14
246 3253 303 3308 τῶν
317 3249 427 3308 πόλεων
440 3253 498 3308 τῶν
512 3253 694 3324 συμμαχίδων
708 3245 828 3320 ἀφίκετο
847 3251 870 3306 Ο
884 3252 1032 3320 ρεαελετΒ
1088 3259 1120 3307 17
1136 3253 1213 3308 lacu·

197 3341 263 3380 nam
286 3323 388 3380 statuit
409 3325 537 3380 Hertlein
559 3325 677 3378 Hermes
700 3322 726 3376 X
747 3340 775 3392 p.
794 3327 857 3391 411,
881 3339 937 3390 quo
960 3326 1074 3378 auctore
1098 3324 1212 3394 scripsi:

197 3391 319 3458 πολλούς
332 3394 427 3470 (μὲν)
436 3427 472 3437 -
482 3394 602 3484 ,ςπολλῷ
617 3388 705 3484 δ’,ἔτι
718 3393 833 3455 πλείους
846 3387 1061 3480 ἀποβαλόντες)
1075 3395 1110 3452 ολ.
1122 3394 1214 3453 Cobet

198 3467 262 3524 obs.
281 3486 309 3538 p.
329 3473 363 3524 68
436 3473 469 3522 19
488 3485 558 3523 αοτυ
577 3465 600 3520 Β
619 3485 690 3520 αντο
709 3465 734 3520 R
807 3470 840 3519 22
859 3467 979 3535 ἀπορίαι
996 3466 1022 3520 Α
