2698 3982
568 261 732 314 -A-
1115 257 1157 321 37

142 447 234 508 μενα.
272 425 303 488 εἰ
326 423 366 489 δέ
386 447 418 488 τι
433 419 594 505 διαφύγοι
617 417 677 487 τὸν
692 421 728 487 έκ
749 423 818 488 τοόν
842 415 979 488 ἀδίνων
992 423 1159 488 κίνδυνον

142 533 291 615 ἔμπηρον
322 524 343 615 ἢ
375 525 487 607 ἀτελὲς
514 523 534 613 ἢ
564 524 609 593 δι’
635 524 742 614 ἀλλην
770 525 846 595 τινὰ
868 525 973 613 τύχην
1001 525 1158 613 βλαφθὲν

140 637 326 721 τρέφεσθαι
350 632 496 722 χρηστὸν
519 631 580 702 οὐκ
603 625 662 720 ἦν·
692 639 803 702 ἔπειτα
832 631 947 702 καὶτὸ
972 632 1055 701 ἀλλο
1078 635 1158 719 πλῆ-

141 751 205 820 θος
227 738 266 810 τό
291 743 327 808 έν
357 739 444 830 ἀκμῇ
474 739 616 828 μάλιστα
645 743 804 810 ἐκακοῦτο
833 740 948 820 νόσοις
971 740 1027 806 καὶ
1049 737 1158 806 θανά·

1176 813 1199 876 4

141 873 211 926 τοις
238 844 328 935 παρὰ
356 844 397 915 τὰ
420 846 531 914 εἰκότα
559 860 705 933 συχνοῖς.
751 847 1013 933 μαντευομένοις
1041 843 1073 911 θ’
1099 843 1185 940 αό-5

141 967 211 1032 τοῖς
241 957 317 1021 τίνα
349 956 443 1020 θεῶν
476 948 496 1039 ἢ
530 952 704 1040 δαιμόνων
736 951 946 1042 παραβάντες
981 950 1061 1020 τάδε
1097 951 1158 1020 πά-

141 1079 260 1146 σχουσι
283 1060 338 1127 καὶ
353 1065 388 1128 τί
406 1057 588 1147 ποιήσασιν
608 1057 722 1139 αὐτοῖς
745 1063 901 1146 λωφῆσαι
924 1056 964 1126 τά
989 1057 1084 1127 δεινὰ
1107 1061 1158 1126 έλ-

140 1172 209 1252 πίς,
239 1164 257 1234 ὁ
281 1164 363 1246 θεὸς
391 1164 524 1234 ἀνεῖλεν
548 1163 600 1234 ότι
630 1165 788 1253 τυχόντες
817 1157 866 1234 όν
890 1164 1072 1252 ἐβούλοντο
1098 1163 1159 1234 οὐκ

141 1272 312 1342 ἀπέδοσαν
345 1269 366 1340 ἀ
394 1271 554 1358 εὔξαντο,
586 1270 672 1340 ἀλλά
703 1277 967 1360 προσοφείλουσι
999 1271 1039 1340 τὰ
1068 1278 1157 1342 πλεί-
1180 1346 1194 1362 .

140 1400 223 1448 στου
247 1378 332 1461 ἀξια.
375 1383 409 1448 οί
430 1377 495 1467 γὰρ
519 1381 696 1464 ΠελασγοίΙ
713 1377 857 1468 ἀφορίας
885 1377 999 1460 αὐτοῖς
1021 1367 1199 1474 γενομέξζ
1228 1461 1233 1472 Ι

140 1513 201 1574 νης
224 1489 261 1556 έν
287 1489 324 1575 τῇ
354 1491 395 1574 γῇ
425 1485 562 1554 πάντων
590 1485 769 1574 χρημάτων
798 1485 937 1570 εὔξαντο
964 1491 1010 1578 τῷ
1038 1513 1073 1555 τε
1098 1487 1157 1554 Διὶ

139 1595 194 1662 καὶ
217 1598 262 1686 τῷ
284 1591 469 1662 Ἀπόλλωνι
491 1595 546 1662 καὶ
577 1608 648 1673 τοῖς
670 1598 853 1682 Καβείροις
874 1593 1081 1662 καταθύσειν
1106 1595 1158 1662 δε-

86 1721 120 1770 62
139 1700 241 1781 κοίτας
272 1703 341 1769 τόν
373 1703 700 1788 προσγενησομένων
733 1699 913 1786 ἁπάντων,
945 1706 1159 1785 τελεσθείσης
1275 1747 1284 1764 .

141 1807 178 1876 δὲ
201 1811 260 1894 τῆς
288 1805 387 1894 εὐχῆς
417 1807 605 1895 ἐξελόμενοι
633 1813 771 1896 καρπόν
794 1833 829 1876 τε
856 1802 911 1874 καί
934 1806 1157 1894 βοσκημάτων

140 1911 301 1982 ἀπόντων
324 1911 361 1981 τό
386 1913 488 2001 λόχος
510 1912 687 1983 ἀπέθυσαν
714 1927 784 1992 τοϊς
806 1921 916 1997 θεοῖς,
941 1911 985 1994 ὡς
1009 1912 1050 2000 δὴ
1073 1909 1156 1980 κατὰ
1171 1931 1197 1970 1⁵

139 2019 270 2088 τούτων
294 2019 409 2107 μόνων
433 2017 618 2106 εόξάμενοι.
650 2023 753 2088 ταῦτα
778 2017 820 2106 δὴ
847 2025 1024 2106 Μυρσίλος
1053 2017 1070 2087 ὁ
1096 2020 1157 2086 Λέ-

142 2131 237 2212 σβιος
260 2125 434 2212 ἱστόρηκεν
460 2124 578 2213 όλίγου
593 2130 666 2194 δεῖν
684 2141 756 2206 τοῖς
779 2123 892 2206 αὐτοῖς
911 2123 1055 2213 ὀνόμασι
1079 2123 1159 2212 γρό-

141 2259 217 2318 φων
246 2227 297 2312 οἷς
329 2231 393 2318 έγεό
421 2235 503 2317 νόν,
535 2231 623 2318 πλὴν
652 2231 734 2301 ὅσον
769 2231 810 2302 οὐ
838 2230 1035 2318 Πελασγοὺς
1065 2239 1161 2300 καλεί

142 2338 220 2419 τοὺς
242 2338 458 2428 ἀνθρώπους,
482 2337 567 2407 ἀλλά
585 2339 794 2428 Τυρρηνούς·
817 2337 880 2424 τὴν
901 2337 933 2405 θ’
960 2343 1070 2407 αίτίαν
1090 2335 1158 2406 ὀλί

141 2473 204 2532 γον
227 2443 371 2533 ὕστερον
396 2449 470 2534 ἐρῶ.
1172 2462 1199 2502 ²⁰

226 2553 363 2620 XXIIII.
383 2549 498 2641 ‘affl
517 2551 745 2640 ἀπενεχθέντα
764 2551 825 2622 τόν
844 2551 996 2642 χρησμὸν
1017 2557 1159 2639 ἔμαθον,

143 2658 203 2728 οόκ
236 2658 328 2746 είχον
360 2659 400 2728 τὰ
433 2659 596 2746 λεγόμενα
633 2667 827 2748 συμβαλεῖν.
873 2657 1083 2746 ἀμηχανοῦσι
1121 2656 1159 2724 δέ
1244 2711 1257 2722 ,

68 2785 121 2834 ·63
141 2765 256 2846 αὐτοῖς
279 2770 346 2835 τῶν
370 2769 572 2854 γεραιτέρων
586 2794 636 2846 τις
659 2769 747 2853 λέγει
763 2764 944 2854 συμβαλὼν
968 2763 1005 2834 τό
1029 2764 1159 2850 λόγιον,

141 2871 194 2942 ὅτι
223 2877 284 2941 τοῦ
314 2869 439 2952 παντὸς
470 2869 717 2960 ἡμαρτήκασιν,
748 2877 779 2940 εί
802 2881 931 2940 οίονται
954 2870 1032 2951 τοὺς
1055 2868 1159 2949 θεοὺς

140 2977 265 3058 ἀδίκως
295 2977 409 3058 αὐτοῖς
441 2981 601 3068 ἐγκαλεῖν.
648 2977 827 3066 χρημάτων
858 2977 920 3065 μὲν
943 2976 1008 3064 γὰρ
1038 2976 1157 3044 ἀποὸε-
1172 2994 1199 3036 ²5

142 3085 268 3154 δόσθαι
291 3083 349 3165 τάς
372 3083 522 3173 ἀπαρχὰς
545 3083 659 3164 αὐτοῖς
682 3082 812 3163 ἀπάσας
827 3083 940 3172 ὀρθῶς
962 3111 996 3152 τε
1019 3085 1074 3151 καὶ
1093 3081 1158 3151 σὺν

142 3196 234 3282 δίκη,
265 3189 460 3278 ἀνθρώπων
492 3190 529 3259 δὲ
552 3195 656 3277 γονῆς
684 3189 721 3258 τὸ
751 3190 867 3277 λόχος,
897 3194 1006 3277 χρῆμα
1034 3187 1158 3268 παντὸς

213 3453 395 3527 θόαιμόνων
427 3459 525 3512 δίκαια
558 3457 604 3512 vel
637 3451 701 3512 ὅσια
733 3457 779 3512 vel
806 3452 913 3526 νόμιμα
946 3473 969 3510 ο.
999 3455 1157 3525 Stephanus

141 3534 174 3582 16
195 3524 285 3598 μόνον
313 3524 419 3598 Ala&
439 3529 461 3582 Β
481 3527 513 3584 δέ
533 3532 558 3582 Α
619 3535 650 3582 17
671 3523 809 3598 ὀνόμασιν
834 3529 858 3594 Α
912 3533 947 3580 24
966 3525 1158 3599 οίοντ(αι>Β
