2660 3986
606 209 773 259 -Γ-
1130 207 1195 272 391

181 364 277 444 λέξας
298 359 428 449 άνδρας
450 361 569 433 ἑκατὸν
594 363 626 446 ἐξ
649 361 808 434 ἁπάντων
830 367 900 434 τῶν
919 370 1121 455 δημοτικῶν,
1146 362 1196 448 οἱς

179 467 304 557 ἀρετήν
327 495 403 538 τινα
421 469 605 558 πολεμικὴν
628 466 648 558 ἢ
668 469 842 559 πολιτικὴν
861 472 1032 562 φρόνησιν
1051 471 1196 555 ἅπαντες

181 575 404 664 ἐμαρτύρουν,
426 581 622 666 πατρικίους
640 579 774 664 ἐποίησε
791 580 846 648 καί
864 581 1039 662 κατέταξεν
1063 585 1110 661 είς
1132 579 1193 650 τόν

179 689 249 752 τῶν
276 687 471 769 βουλευτῶν
499 682 664 772 άριθμόν,
691 685 748 752 καὶ
775 685 849 754 τότε
878 690 1013 772 πρῶτον
1036 688 1193 771 ἐγένοντο

174 787 351 878 Ῥωμαίοις
372 789 560 878 τριακόσιοι
582 793 762 878 βουλεωαὶ
788 791 916 872 τέως”
889 818 993 921 οντες
1016 792 1193 862 διακόσιοι.
1207 821 1221 862 ε

180 901 292 965 ἔπειτα
318 911 391 977 ταῖς
419 901 523 986 ἱεραῖς
553 895 804 984 παρθένοις,
785 896 845 986 υφ’
876 889 925 966 ῶν
956 897 995 967 τδ
1027 897 1233 986 όισβεστον2
1324 895 1325 902 ¹

180 1003 380 1089 φυλάττεται
403 1007 486 1091 πῦρ,
509 1006 682 1094 τέτταρσιν
706 1003 824 1086 οὔσαις
848 1005 910 1076 δύο
933 1009 1193 1095 προσκατέλεξεν

125 1111 310 1198 σεοὲτέρας·
343 1109 511 1179 πλειόνων
535 1109 599 1199 γάρ
631 1109 697 1199 ἤδη
730 1114 1009 1200 συντελουμένων
1040 1109 1106 1182 ὑπὸ
1135 1117 1194 1201 τῆς

179 1215 307 1296 πόλεως
329 1220 543 1307 ἱερουργιῶν,
566 1211 619 1296 αἱς
643 1220 712 1286 ἔδει
733 1216 792 1298 τάς
813 1222 872 1306 τῆς
889 1216 1020 1300 Ἑστίας
1037 1233 1193 1308 παρεῖναι

178 1321 392 1408 θυηπόλους,
421 1320 482 1390 ούκ
514 1321 658 1392 ἐδόκουν
690 1325 730 1391 αἱ
755 1325 907 1411 τέτταρες
934 1321 1058 1411 άρκεὶν.
1108 1332 1192 1414 Ταρ-
1207 1353 1233 1393 ιο

178 1433 301 1497 κννὶου
329 1429 367 1497 δὲ
394 1427 557 1517 άρξαντος
583 1427 801 1516 ἠκολούθουν
834 1433 870 1498 οἱ
894 1431 1006 1498 λοιποὶ
1032 1437 1192 1518 βασιλεῖς,

178 1537 234 1603 καὶ
262 1538 358 1624 μέχρι
384 1539 453 1604 τῶν
484 1533 563 1604 καθ’
589 1533 677 1623 ἡμᾶς
703 1535 838 1622 χρόνων
871 1538 904 1618 ἓξ
932 1534 1193 1606 ἀποδείκνυνται

178 1647 237 1730 τῆς
249 1640 381 1724 Ἑστίας
399 1641 594 1730 ἀμφίπολοι.
634 1647 728 1711 δοκεῖ
744 1643 781 1712 δέ
800 1644 856 1711 καὶ
874 1643 933 1723 τάς
949 1649 1119 1731 τιμωρίας,
1138 1639 1191 1724 αἱς
1210 1647 1231 1711 3

176 1747 375 1830 κολάζονται
406 1749 491 1837 πρὸς
522 1753 591 1818 τῶν
624 1753 836 1837 ἱεροφαντῶν
864 1752 902 1816 αἱ
926 1747 971 1837 μὴ
1002 1749 1192 1837 φυλάττου-

178 1875 236 1923 σαι
271 1853 334 1942 τὴν
369 1860 576 1944 παρθενίαν,
614 1857 741 1935 ἐκεῖνος
776 1857 924 1944 ἐξευρεῖν
960 1859 1092 1946 πρῶτος
1127 1866 1192 1926 εἱτε
1207 1876 1233 1918 1⁵

177 1959 260 2030 κατά
287 1961 451 2049 λογισμὸν
479 1971 544 2032 είτε
574 1959 618 2042 ῶς
651 1968 785 2030 οἴονταί
809 1989 899 2044 τινες
926 1959 1047 2054 όνείρφ
1074 1963 1193 2032 πενθό·

176 2094 293 2155 μενος,
316 2065 357 2149 ἃς
383 2067 464 2155 μετὰ
491 2068 553 2156 τὴν
576 2071 710 2138 ἐκείνου
731 2067 889 2158 τελευτὴν
910 2072 949 2138 ἐν
972 2085 1042 2150 τοῖς
1065 2075 1191 2156 Σιβυλ-

176 2181 281 2254 λείοις
312 2173 497 2264 εῦρεθῆναι
533 2190 694 2263 χρησμοῖς
731 2179 766 2244 οἱ
798 2179 867 2244 τῶν
903 2179 1004 2264 ἱερῶν
1035 2178 1192 2264 ἐξηγηταὶ

176 2283 349 2367 λέγουσιν·
372 2284 536 2371 ἐφωράθη
560 2281 625 2370 γάρ
643 2309 694 2362 τις
716 2284 769 2350 ἐπὶ
789 2287 848 2369 τῆς
871 2284 1003 2350 ἐκείνου
1019 2289 1192 2371 βασιλείας

177 2391 283 2478 ἱέρεια
296 2395 447 2478 Πιναρία
460 2395 617 2458 Ποπλίου
635 2388 790 2476 θυγάτηρ
814 2388 877 2476 οὐχ
894 2387 981 2477 ἁγνὴ
999 2393 1192 2478 προσιοῦσα
1204 2417 1232 2456 ιο

175 2509 247 2575 τοὶς
270 2499 381 2584 ἱεροὶς.
421 2495 546 2585 τρόπος
564 2495 602 2564 δὲ
623 2501 784 2585 τιμωρίας
807 2494 898 2576 ὅστις
916 2497 1019 2582 ἐστίν,
1042 2487 1069 2588 ῶ
1092 2496 1191 2564 κολά-

177 2609 271 2684 ζουσι
297 2601 357 2684 τάς
384 2607 645 2691 διαφθαρείσας,
673 2605 711 2672 ἐν
738 2607 778 2691 τῇ
805 2601 870 2690 πρὸ
898 2601 1021 2689 ταύτης
1044 2602 1191 2690 δεδήλω-

176 2716 234 2777 ταί
254 2737 311 2797 μοι
333 2714 457 2801 γραφῇ.
501 2709 564 2798 τήν
591 2735 626 2779 τε
653 2707 800 2798 άγοράν,
828 2709 865 2778 ἐν
891 2699 913 2799 ᾖ
938 2709 1111 2792 δικάζουσι
1133 2707 1230 2778 καὶ4

177 2816 428 2902 ἐκκλησιάζουσι
464 2819 520 2885 καὶ
560 2815 619 2898 τάς
654 2815 758 2896 άλλας
796 2813 966 2896 πολιτικάς
1002 2818 1189 2884 ἐπιτελοῦσι

176 2920 310 3010 πράξεις
341 2925 468 3002 ἐκεῖνος
500 2923 686 3010 ἐκόσμησεν
718 2926 949 3012 ἐργαστηρίοις
979 2947 1014 2988 τε
1044 2922 1099 2989 καὶ
1128 2946 1189 2989 πα-
1203 2943 1230 2984 εε

5 3087 8 3114 ,
123 3027 278 3096 σεΙστάσι
300 3028 506 3118 περιλαβῶν,
529 3032 585 3098 καί
611 3029 652 3099 τὰ
679 3037 769 3117 τείχη
796 3033 856 3116 τῆς
881 3027 1009 3106 πόλεως
1032 3025 1189 3115 αὐτοσχέ-

247 3254 356 3330 Βῦπέρ
379 3277 403 3314 ο
423 3260 556 3347 Sylburg‚
583 3261 659 3330 quod
680 3261 782 3330 probat
799 3258 906 3330 Kayser
928 3261 1000 3314 Ann.
1024 3259 1093 3328 phil.
1118 3265 1188 3315 1863

174 3349 201 3418 η).
223 3337 238 3386 ’ἱ
295 3337 327 3386 12
347 3327 450 3400 χρόνον
469 3327 699 3386 ἀποδείκνυνται
710 3329 787 3386 αἱ
754 3351 804 3400 της
822 3330 1003 3415 ΟφτυεὶετΒ
1059 3335 1091 3384 17
1111 3323 1145 3392 δις
1164 3332 1189 3384 A

175 3423 194 3456 α
213 3397 275 3456 R
257 3419 335 3464 ωςο.
353 3401 496 3474 Kiessling
512 3405 515 3469 Ι
532 3404 681 3473 σιβυλλίοις
694 3406 719 3456 A
780 3408 816 3456 24
833 3396 978 3462 πολιτικάς
997 3396 1188 3456 έπιτελοῦσιΒ

176 3469 334 3529 ἐπιτελοῦσι
352 3495 380 3529 π
399 3475 425 3529 Β
507 3481 540 3531 26
559 3474 608 3528 καί
626 3469 748 3529 παστάσι
766 3473 789 3526 Β
808 3475 857 3528 καὶ
875 3473 945 3527 πάσι
962 3473 988 3526 R
