2660 3986
146 229 213 295 390
569 235 735 286 -Γ-

145 389 262 477 λεύτα,
289 390 450 472 λύσαντες
478 389 536 472 τάς
562 389 774 480 παρεμβολὰς
801 388 951 480 ἀπῄεσαν
974 389 1024 460 ἐπ’
1051 399 1158 460 οίκου.

145 499 201 566 καὶ
225 495 243 566 ὁ
267 497 424 583 βασιλεὺς
446 497 633 584 Ταρκύνιος
654 505 768 585 τρίτον
792 499 845 566 ἐπί
867 502 926 585 τῆς
949 502 1038 578 ίδίας
1055 496 1159 585 ἀρχῆς

76 603 206 674 ’2τὸν
243 607 279 674 ἐκ
313 607 411 692 τῆςδε
446 609 505 693 τῆς
541 605 647 693 μάχης
682 604 848 692 κατήγαγε
882 610 1063 692 θρίαμβον.
1112 607 1158 696 τῷ

146 711 179 780 δ’
210 713 285 800 ἑξῆς
316 715 468 813 ἐνιαυτῷ,
496 714 832 799 παρασκευαζομένου
867 711 970 780 πάλιν
1006 715 1068 780 τοῦ
1099 715 1158 796 βα-

118 821 265 900 σσιλέως
296 817 441 907 στρατὸν
473 820 526 888 ἐπὶ
556 820 616 899 τὰς
645 817 759 898 πόλεις
792 823 861 886 τῶν
893 823 1056 905 Σαβίνων
1089 817 1159 898 ἐξά-

145 953 219 1013 γειν
250 928 307 994 καὶ
338 931 547 1010 πολιορκίαις
582 924 684 1006 αύτάς
714 925 947 1014 προσάγεσθαι
980 923 1158 1010 διεγνωκύ·

144 1059 217 1119 τος,
244 1047 406 1118 γενναῖον
433 1032 495 1119 μὲν
524 1030 626 1101 οὐδὲν
655 1031 897 1119 ἐπιβούλευμα
918 1033 974 1100 καὶ
997 1029 1157 1100 νεανικὸν

146 1138 307 1226 οὐδεμιᾶς
329 1141 476 1225 ἐγένετο,
503 1143 607 1207 πᾶσαι
630 1139 668 1207 δέ
689 1143 788 1228 κοινῇ
811 1137 928 1228 γνάμη
952 1137 1158 1226 χρησάμεναι

145 1245 226 1332 πρὶν
255 1249 302 1324 είς
328 1249 493 1314 κίνδυνον
525 1247 642 1314 ἐλθεῖν
674 1242 953 1343 ἀνδραποδισμοῦ
980 1245 1034 1313 καὶ
1061 1271 1159 1313 κατα-

104 1337 277 1476 ᾗσκαφῆς
313 1351 568 1421 καταλύσασθαι
604 1350 665 1422 τὸν
701 1352 850 1440 πόλεμον
887 1357 1050 1439 ἔγνωσαν.
1103 1351 1159 1419 καὶ

145 1461 302 1588 παρῆσαρ
329 1461 363 1540 ἐξ
390 1458 529 1547 ἑκάστης
555 1459 684 1540 πόλεως
710 1463 747 1529 οί
769 1457 940 1548 κράτιστοι
962 1463 1031 1528 τῶν
1052 1463 1157 1544 Σαβί-

145 1591 218 1632 νων
238 1564 323 1653 πρὸς
339 1569 479 1652 βασιλέα
501 1565 692 1654 Ταρκύνιον
711 1564 935 1652 ἐξεληλυθότα
953 1563 1034 1651 μετὰ
1049 1565 1158 1649 πάσης

145 1670 212 1759 ἥδη
237 1672 414 1760 δυνάμεως
439 1673 686 1761 παραδιδόντες
713 1673 804 1765 αύτῷ
829 1669 871 1742 τά
893 1678 984 1759 τείχη
1006 1673 1062 1740 καὶ
1085 1669 1160 1740 δεύ-
1209 1721 1228 1758 ,

146 1805 243 1865 μενοι
257 1785 392 1868 μετρίας
405 1780 614 1868 ποιήσασθαι
625 1778 726 1867 (τάς)
739 1779 929 1866 συμβάσεις.
957 1776 975 1847 ὁ
996 1778 1033 1847 δέ
1051 1776 1212 1851 ἀσπα-οτθ

106 1915 132 1957 ιε
146 1890 232 1967 στῶς
264 1885 444 1974 δεξάμενος
474 1885 538 1974 τὴν
570 1885 655 1956 ἀνευ
689 1886 863 1956 κινδύνων
895 1883 1067 1972 ὑποταγὴν
1098 1889 1159 1954 τοῦ

147 1999 273 2073 ἔθνους
300 1992 451 2073 σπονδάς
477 2019 513 2062 τε
539 2007 682 2062 ποιεῖται
705 1991 789 2081 πρὸς
818 1990 942 2073 αύτούς
963 1989 1047 2080 ὑπὲρ
1070 1992 1159 2080 εἰρή-

145 2128 208 2188 νης
225 2127 261 2170 τε
278 2103 334 2170 καὶ
353 2108 468 2189 φιλίοις
486 2101 540 2169 ἐπὶ
556 2115 630 2180 ταῖς
647 2098 764 2180 αύταίς
782 2097 986 2187 ὁμολογίαις,
1005 2093 1058 2180 αἷς
1076 2106 1158 2185 Τυρ-

146 2205 273 2296 ρηνούς
299 2208 463 2295 πρότερον
493 2205 699 2294 ὑπηγάγετο,
732 2207 789 2274 καὶ
819 2203 899 2286 τοὺς
931 2205 1160 2294 αἰχμαλώτους

145 2312 318 2383 ἀπέδωκεν
342 2310 456 2394 αύτοίς
478 2311 562 2382 ἀνευ
585 2312 727 2403 λύτρων.

106 2447 133 2488 ιο
237 2422 371 2488 LXVII.
404 2411 513 2488 Αύται
536 2421 710 2508 πολεμικαὶ
733 2419 868 2508 πράξεις
890 2420 1054 2507 βασιλέως
1075 2426 1159 2505 Ταρ-

145 2531 268 2594 κυνίου
306 2526 593 2614 μνημονεύονται,
630 2526 797 2615 είρηνικαὶ
830 2524 869 2593 δὲ
904 2528 961 2594 καί
991 2527 1159 2595 πολιτικαί

145 2636 274 2702 τοιαίδε
310 2633 414 2719 τινές,
452 2630 539 2702 ὀὐδὲ
579 2630 643 2720 γάρ
680 2632 801 2712 ταύτας
837 2631 1004 2719 βούλομαι
1039 2641 1159 2721 παρελ-

145 2749 225 2808 θείν
256 2737 542 2870 ἀμνημονεύτορς.
596 2737 702 2820 εύθύς
732 2741 797 2828 γὰρ
830 2737 898 2827 ἀμα
934 2743 980 2833 τῷ
1011 2747 1160 2828 παραλα-

146 2852 220 2933 βεῖν
247 2844 310 2934 τὴν
337 2844 447 2934 ἀρχην
474 2845 535 2915 τὸν
563 2845 746 2933 δημοτικὸν
775 2845 879 2934 ὄχλον
903 2847 1070 2916 οίκεῑον
1052 2851 1159 2938 εαντῷ

106 2976 133 3018 οε
147 2957 285 3041 ποιησαι
315 2959 567 3041 προθυμηθείς,
604 2951 716 3042 ὥσπερ
754 2957 791 3022 οί
818 2953 976 3082 πρότεροι
1012 2959 1161 3040 βασιλεῖς

147 3063 302 3146 ἐποίουν,
338 3056 396 3127 διά
427 3057 588 3144 τοιαύτας
623 3058 816 3149 εὐεργεσίας
847 3058 1053 3148 »ὑπηγάγετο
1092 3062 1187 3128 ἐπι-

218 3215 345 3276 250m.
363 3219 386 3274 Β
458 3215 579 3275 4πάλιν
598 3238 717 3290 στρατον
735 3221 785 3275 τοῦ
811 3219 1027 3306 βασιλέωςΟμ
1028 3219 1160 3275 taeterB

148 3300 180 3348 11
200 3293 258 3346 τῶν
276 3307 331 3346 om.
349 3292 374 3345 B
447 3297 481 3345 14
499 3287 550 3354 τάς
573 3291 638 3348 αδδ.
661 3291 764 3346 Reiske
838 3297 871 3346 15
894 3239 1077 3347 κινδύνωνΒ
1100 3310 1160 3345 κιν-

147 3359 237 3418 δύνου
255 3363 281 3417 R
362 3368 396 3417 1⁷
423 3380 453 3417 τε
482 3379 536 3418 om.
555 3363 579 3417 B
659 3369 694 3417 20
722 3359 756 3416 αλ
775 3365 841 3432 post
863 3353 950 3418 αύτοιι
972 3363 1036 3417 εδδ.
1058 3361 1160 3417 Reiske

146 3441 181 3490 22
210 3429 301 3496 αύτάς
327 3433 350 3488 Ο
383 3433 807 3518 οοττ.Κὶοεε1ἱος,Ηεελ1εἱυ
837 3433 954 3490 Hermos
986 3434 1012 3488 X
1047 3451 1075 3504 p
1107 3438 1159 3487 411

147 3511 182 3560 26
200 3502 334 3568 τοιαύτας
356 3507 382 3560 Α
399 3493 531 3572 τοιαύτης
549 3506 574 3558 R
