2670 3984
204 223 270 288 100
628 222 794 276 -Α-

203 386 294 468 γίαν,
313 380 436 462 Ἰδαῖος
454 380 516 470 μὲν
531 379 549 450 δ
566 380 754 471 Δαρδάνου
768 381 870 469 μέρος
887 385 946 468 τῆς
960 383 1116 469 στρατιάς
1135 384 1222 467 ἔχων

203 491 242 557 έν
264 503 336 569 τοῖς
358 488 485 576 ὅρεσιν,
509 485 612 558 δνῦν
631 486 739 556 Ἰδαῖα
752 484 803 557 άιί
821 491 953 557 ἐκείνου
976 489 1116 573 λέγεται,
1136 491 1223 553 ἔνθα

203 597 303 684 μητρὶ
339 601 433 665 θεῶν
473 593 567 684 ἱερὸν
604 594 831 684 ἱδρυσάμενος
867 594 966 683 ὄργια
1000 596 1057 664 καὶ
1092 591 1223 672 τελετάς

202 700 442 788 κατεστήσατο,
465 707 505 771 αδ
532 701 588 770 καὶ
611 706 660 782 είς
681 701 760 770 τάδε
783 701 911 791 χρόνου
935 702 1157 790 διαμένουσιν
1185 701 1222 768 έν

176 805 315 898 σάπάση
341 814 492 900 Φρυγία·
525 808 709 899 Δάρδανος
732 807 763 876 δ’
791 812 828 877 έν
858 812 900 898 τῇ
933 811 1124 898 καλουμένῃ
1157 809 1221 875 νῦν
1325 835 1326 844 ’

208 915 342 1004 Τρωάδι
366 915 467 984 πόλιν
492 912 676 1002 ὁμάννμον
700 913 789 1008 αὑτῷ
813 915 1079 1002 κατασκευάσας,
1103 914 1223 993 δόντος
1325 945 1326 1012 ρ

206 1021 295 1115 αὐτῷ
325 1021 365 1090 τδι
393 1028 499 1110 χωρία
531 1021 682 1110 Τεύκρου
708 1025 889 1109 βασιλέως,
921 1021 980 1109 ἀφ’
1012 1014 1054 1092 οὗ
1086 1021 1223 1110 Τευκρὶς

166 1129 244 1198 διὸ
275 1127 417 1217 άρχαῑον
447 1127 534 1216 ἡγῆ
565 1131 713 1216 ἐλέγετο·
744 1133 867 1198 τοῦτον
895 1129 934 1198 δὲ
963 1128 1060 1197 ἄλλοι
1081 1154 1117 1197 τε
1144 1135 1223 1196 πολ·
1325 1127 1326 1138 ’

206 1237 260 1304 λοὶ
282 1237 339 1304 καὶ
365 1235 570 1324 Φανόδημος
593 1233 611 1303 δ
634 1234 696 1323 τὴν
716 1234 867 1324 Ἀττικὴν
889 1237 1021 1326 γράψας
1048 1233 1224 1323 ἀρχαιολο-

167 1361 194 1401 1⁰
207 1347 286 1429 γίαν
310 1344 346 1410 ἐκ
368 1345 427 1429 τῆς
447 1341 593 1429 Ἀττικῆς
616 1347 814 1430 μετοικῆσαί
829 1362 935 1429 φασιν
958 1348 1006 1423 είς
1027 1341 1089 1430 τὴν
1109 1339 1224 1410 Ἀσίαν

206 1448 317 1536 δήμου
331 1451 541 1528 Ξυπεταιέως
563 1447 711 1537 άρχοντα
733 1451 789 1518 καλ
812 1448 920 1519 πολλά
941 1451 1144 1538 παρέχονται
1162 1451 1224 1517 τοῦ

204 1554 310 1642 λόγον
333 1555 503 1644 τεκμήρια.
523 1555 746 1645 κρατήσαντα
770 1556 808 1624 δὲ
830 1555 940 1644 χώρας
962 1560 1089 1644 συχνῆς
1109 1582 1145 1624 τε
1168 1555 1225 1624 καὶ

205 1660 337 1749 ἀγαθῆς
372 1663 428 1730 καλ
466 1660 508 1731 οὐ
538 1660 626 1731 πολὺ
661 1661 699 1733 τὸ
732 1662 913 1752 ἐπιχώριον
951 1662 1092 1750 ἐχούσης
1126 1663 1226 1748 γένος

204 1767 360 1856 άσμένως
377 1767 439 1838 τὸν
455 1768 642 1857 Δάρδανον
666 1773 754 1839 ίδεῑν
776 1769 893 1840 καὶτὸ
918 1767 982 1838 σὺν
1006 1767 1095 1862 αὐτῷ
1114 1792 1220 1854 παρα·
1228 1784 1278 1834 157

167 1892 192 1933 1⁵
206 1874 393 1963 γενόμενον
415 1873 637 1964 Ἑλληνικόν,
664 1880 734 1946 τάν
756 1903 792 1945 τε
818 1874 901 1964 πρὸς
927 1874 1007 1957 τοὺς
1033 1874 1228 1964 βαρβάρους

206 1985 362 2071 πολέμων
387 1989 576 2071 συμμαχίας
599 1987 697 2052 ἕνεκα
718 1985 775 2052 καὶ
798 1988 857 2052 ἵνα
878 1981 900 2072 ἡ
923 1987 965 2071 γη
981 1981 1025 2070 μη
1049 1975 1070 2072 ᾖ
1095 1987 1227 2069 ἔρημος.

273 2092 374 2156 LXII.
394 2087 544 2158 Ἀπαιτεῐ
566 2088 604 2157 δὲ
628 2087 646 2158 ὁ
669 2089 770 2176 λόγος
791 2091 847 2158 καλ
869 2088 930 2159 τὸν
953 2094 1096 2158 Αίνείαν
1120 2090 1153 2169 ἐξ
1177 2078 1227 2156 ὧν

208 2201 273 2282 ἔφυ
311 2190 558 2281 διηγήσασθαι·
594 2201 735 2286 βραχείηι
772 2195 814 2283 δὴ
850 2197 907 2265 καλ
942 2199 1042 2265 τοῦτο
1081 2192 1227 2282 δηλώσει

208 2304 356 2388 σημανῶ.
403 2300 588 2388 Δάρδανος
617 2299 732 2388 ἐπειδὴ
762 2301 903 2392 Χρύσην
932 2301 995 2390 την
1025 2300 1227 2383 Πάλλαντος

168 2408 396 2495 10θυγατέρα,
423 2409 457 2488 έξ
484 2398 524 2494 ἧς
552 2410 588 2476 οί
611 2407 769 2498 πρότεροι
796 2412 914 2490 παῖδες
937 2411 1093 2496 έγένοντο
1124 2406 1226 2502 αὐτῷ,

208 2516 402 2600 τελευτῆσαι
440 2516 622 2602 συνέπεσε,
659 2515 805 2584 Βάτειαν
841 2530 943 2604 γαμεῖ
976 2514 1039 2603 τὴν
1076 2514 1228 2603 Τεάκρου

208 2621 395 2708 θυγατέρα·
418 2621 475 2688 καλ
488 2627 617 2708 γίνεται
630 2636 708 2702 παῖς
722 2621 811 2714 αὐτῷ
823 2620 1047 2711 Ἐριχθόνιος,
1071 2618 1108 2702 δς
1121 2619 1227 2690 ἁπάν-

208 2752 277 2794 των
301 2723 496 2813 άνθράπων
519 2725 820 2817 εὐδαιμονέστατος
837 2730 967 2814 λέγεται
985 2730 1146 2815 γενέσθαι
1168 2732 1229 2815 τῆς

209 2858 244 2902 τε
272 2829 427 2924 πατρῴας
454 2833 509 2900 καὶ
536 2837 595 2921 τῆς
623 2833 689 2904 ὑπὸ
712 2839 757 2928 τῷ
788 2833 1016 2924 μητροπάτορι
1043 2837 1229 2923 γενομένης
1280 2901 1283 2906 .

239 3111 248 3132 ,
275 3049 299 3128 ,8
317 3038 457 3115 *πάσηΟ
530 3053 546 3100 6
562 3040 639 3100 αὑτῶ
657 3047 706 3102 Bb
722 3046 835 3134 Sauppe
849 3047 921 3117 Eph.
941 3046 1018 3102 Gott.
1036 3053 1229 3116 1861p.1859

211 3135 288 3171 αντω
312 3115 390 3170 ABa
464 3122 497 3173 10
516 3101 644 3186 φησινλδ
717 3123 750 3172 11
770 3121 862 3188 δημον
882 3119 907 3172 Α
926 3135 979 3176 om.
995 3119 1018 3172 B
1035 3121 1039 3189 Ι
1055 3118 1230 3185 ξοπεταιέως

211 3188 325 3257 (Dmg)
348 3187 395 3242 vel
422 3185 636 3254 ξυιτεταιωνέως
663 3188 786 3260 Sylburg
810 3188 930 3260 Sauppe,
957 3190 1030 3260 Eph.
1059 3189 1228 3246 60661861

211 3330 238 3381 p.
259 3316 327 3366 1862
349 3306 538 3377 έξνπεταιέως
555 3311 578 3365 Β
598 3276 771 3378 έξνποταιέως
786 3314 811 3368 A
827 3313 832 3384 Ι
848 3312 1046 3384 παρέχονταΑ
1111 3320 1144 3369 21
1157 3333 1230 3370 ,σνν-

212 3381 295 3437 ἑπεσε
323 3383 487 3451 τελευτῆσαι
510 3381 534 3436 Β
567 3384 571 3452 Ι
610 3378 728 3454 βάτειαν
751 3385 776 3442 Α
817 3385 928 3455 Sauppe
956 3385 1028 3454 Eph.
1057 3383 1132 3441 (δολί.
1159 3393 1228 3442 1861

213 3471 241 3522 p.
263 3458 330 3508 1863
351 3455 453 3524 βατίαν
471 3453 494 3507 Β
