2660 3986
475 234 713 307 ,-Γ-
1072 231 1137 296 353

7 469 9 480 ρ
122 390 185 478 τὴν
203 388 314 475 πόλιν,
337 387 487 477 μηχανάς
505 414 540 458 τε
556 388 683 470 πολλὰς
700 392 757 458 καὶ
774 395 934 477 κλίμακας
951 393 1006 460 καί
1030 383 1133 460 τᾶλλα

7 521 9 572 ÷
122 497 207 586 πρὸς
225 501 438 584 τειχομαχίαν
457 498 744 594 κατεσκευασμένα
758 495 1030 626 ἐπαγόμενρς,’
992 523 1034 566 ου
1051 495 1132 565 καθ’

124 599 165 672 δν
199 607 236 672 αί
267 601 429 692 διώρυγες
461 604 614 689 ἐγίνοντο
647 605 707 670 τοῦ
738 607 868 690 τείχους
899 602 1019 688 τόπον,
1053 601 1137 672 ἀλλὰ

122 706 203 778 καθ’
231 712 355 796 ἕτερον.
404 712 473 777 τῶν
504 707 541 776 δέ
571 712 768 794 Φιδηναίων
795 707 910 777 ἐπὶ
875 737 916 779 τα
938 707 1136 798 πολιορκού-
1156 713 1178 778 2

124 841 209 903 μενα
241 817 323 905 μέρη
355 819 416 902 τῆς
446 814 575 894 πόλεως
611 814 879 903 συνδραμόντων
911 814 1051 904 ἀθρόων
1083 817 1165 883 καὶο

7 913 9 1002 s
123 919 183 1002 τόις
214 919 405 1011 προσβολὰς
436 925 602 1007 γενναίως
637 917 911 1009 ἀποτριβομένων
944 919 1138 1010 ἀναστομω-

125 1047 243 1108 σαντες
269 1027 309 1096 τόι
337 1029 462 1116 πέρατα
491 1037 561 1096 τῶν
593 1024 777 1115 ὑπονόμων
810 1032 846 1098 οί
875 1031 1054 1117 ταχθέντες
1086 1027 1139 1096 ἐπὶ

8 1121 9 1126 ¹
123 1131 231 1225 τούτω
250 1131 408 1232 Ῥωμαῖοι
436 1130 530 1214 ἐντὸς
558 1132 758 1220 ἐγεγόνεσαν
785 1138 847 1203 τοῦ
874 1133 1057 1222 περιβόλου
1082 1134 1139 1202 καί

124 1237 204 1320 τοὺς
228 1237 332 1327 ὁμόσε
355 1243 547 1328 χωροῦντας
576 1243 836 1328 διαφθείραντες
863 1240 1041 1328 ἀνοίγουσι
1069 1254 1140 1320 τοῖς

70 1349 349 1434 τερπολιορκοῦσι
372 1344 430 1426 τὰς
451 1344 567 1426 πύλας.
613 1355 747 1416 πολλῶν
772 1346 803 1414 δ’
830 1350 867 1416 έν
894 1352 934 1438 τῇ
956 1345 1180 1452 καταληψει
1159 1323 1180 1388 3

125 1457 184 1540 τῆς
202 1452 331 1532 πόλεως
348 1449 590 1540 ἀπολλυμένων
608 1451 688 1533 τοὺς
701 1451 841 1534 λοιποὺς
855 1458 924 1522 τῶν
942 1459 1139 1541 Φιδηναίων

126 1558 213 1627 ὅπλα
235 1585 270 1627 τε
292 1562 506 1647 παραδοῦναι
529 1557 726 1640 κελεύσας“
711 1587 729 1628 ο
753 1560 909 1649 Μάρκιος
930 1561 1041 1629 καλί
1010 1565 1057 1640 είς
1080 1587 1140 1628 ενα

125 1665 230 1735 τόπον
262 1669 321 1752 τῆς
355 1664 483 1745 πόλεως
519 1663 668 1746 ἅπαντας
701 1666 912 1757 προκηρύξας
948 1674 1140 1762 συνελθεῖν,

127 1770 263 1858 ὀλίγους
290 1773 323 1854 ἐξ
351 1769 463 1840 αὐτῶν
490 1769 569 1851 τοὺς
597 1776 727 1853 αἰτίους
754 1777 814 1859 τῆς
840 1772 1052 1854 ἀποστάσεως
1079 1773 1140 1860 μό-

127 1881 233 1960 στιξιν
271 1877 484 1965 αίκισόμενος
516 1875 723 1965 ιἰπέκτεινευ,
762 1883 869 1960 οίκίας
910 1877 941 1947 δ’
980 1877 1139 1948 ἁπάντων
1154 1905 1180 1948 ιι

128 1984 310 2073 διαρπάσαι
341 1997 412 2064 τοϊς
440 1983 657 2071 στρατιώταις
689 1986 865 2074 ἐπιτρέψας
895 1986 952 2054 καὶ
984 1983 1140 2074 φρουρὰν

127 2094 165 2160 ἐν
191 2095 231 2180 τῇ
261 2091 356 2158 πόλει
382 2089 573 2160 καταλιπων
601 2089 784 2180 ἀξιόχρεων
813 2087 919 2179 ιἰπῆγε
945 2091 1009 2180 τὴν
1038 2091 1141 2160 δόνα-

127 2223 187 2286 μιν
220 2197 272 2264 ἐπὶ
305 2199 486 2282 Σαβίνους.
541 2195 621 2264 οὐδὲ
652 2195 716 2284 γόιρ
750 2199 872 2266 ἐκείνοι
903 2197 1076 2286 διέμειναυ
1103 2200 1181 2267 ἐν4

126 2317 199 2384 ταῖς
218 2301 422 2391 ὁμολογίαις,
442 2297 495 2384 αίς
515 2301 714 2391 ἐποιήσαντο
733 2305 887 2393 περὶτῆς
905 2303 1040 2394 εἰρήνης
1058 2302 1141 2392 πρὸς

127 2409 266 2496 βασιλέα
298 2409 445 2494 Ῥόλλον,
476 2406 550 2478 ἀλλ’
576 2409 776 2498 ἐμβαλόντες
809 2415 857 2490 είς
881 2409 945 2499 τὴν
967 2409 1140 2499 Ῥωμαίων
1155 2438 1182 2479 ιο

96 2561 97 2564 =
127 2520 193 2603 γῆν
217 2515 341 2605 ἐδῄουν
365 2507 468 2596 αὖθις
489 2514 552 2603 τὴν
576 2514 719 2603 ὅμορον,
742 2515 865 2604 μαθεόν
887 2543 923 2586 τε
946 2515 973 2586 6·
987 2516 1143 2605 Μάρκιος

127 2622 217 2709 παρά
243 2650 279 2692 τε
306 2622 525 2692 κατασκόπων
548 2624 604 2690 καί
627 2621 825 2711 αὐτομόλων
856 2649 919 2692 τον
942 2621 1062 2712 καιρὸν
1084 2628 1143 2712 τῆς

129 2728 361 2818 ἐπιχειρήσεως
375 2757 381 2779 =·
395 2731 654 2861 ἐσκεδασμένων
684 2733 751 2798 τῶν
783 2735 947 2817 Σαβίνων
981 2731 1037 2798 καὶ
1068 2737 1142 2816 λεη-

128 2835 322 2904 λατούντων
348 2835 432 2977 τρὺς
456 2834 582 2925 ἀγροὺς
614 2833 714 2916 αὐτὸς
741 2834 855 2922 μέυ“
833 2861 901 2923 αμα
931 2849 1003 2916 τοῖς
1034 2840 1143 2916 πεζοις

202 3001 216 3049 1
236 2990 364 3066 μηχανιίς
379 2983 412 3050 τε
426 2991 530 3059 πολλὰς
548 2995 598 3050 καί
611 2995 698 3081 ΑοΒ
718 2995 768 3050 sed
782 2994 817 3048 ad
817 2989 961 3083 μηχανιλς
982 2994 1045 3080 ιρόᾶ.
1060 2994 1143 3063 Amg

128 3065 178 3120 καλ
197 3068 335 3136 κλίμακας
348 3082 421 3136 quae
434 3067 522 3122 verba
535 3066 602 3136 post
614 3037 718 3129 πολλός
731 3064 826 3136 recepi
841 3067 845 3133 1
861 3057 948 3119 τᾶλλα
966 3085 1002 3120 τα
990 3060 1143 3119 Ηιείλείτ

129 3136 246 3192 Hermes
264 3135 335 3206 Xp.
350 3141 402 3192 411
468 3132 649 3224 3ἐγίνοντο
656 3137 708 3192 τοῦ
727 3136 914 3205 τείχουςΒτ.
933 3155 958 3192 τ.
978 3130 1104 3205 ἐγίνοντο
1118 3135 1144 3188 R

130 3213 146 3262 5
169 3201 246 3260 ἅδ’
213 3226 285 3276 ροως
307 3211 333 3262 Α
419 3215 435 3263 6
458 3203 752 3294 ἄπαναστομόσαττες
776 3206 799 3262 Ο
826 3209 938 3276 praeter
959 3207 983 3261 B
1069 3212 1084 3261 ‘1
1108 3203 1143 3260 τό

128 3228 1145 3438 λὲλλ“ολ;“ςε”1“”λολδλλλλλλλῖξλλζλέιλ

130 3436 185 3475 om
210 3418 232 3474 0
256 3420 414 3489 ρ1τεε1ετΒ
495 3427 528 3474 21
554 3411 642 3483 αὖθις
670 3419 793 3474 Sintenis
821 3420 881 3476 Em.
906 3419 985 3474 Dion.
1009 3419 1035 3473 11
1061 3436 1089 3490 p.
1111 3424 1142 3472 11

130 3436 291 3560 66163ApB
364 3498 399 3547 24
417 3488 470 3562 μὲν
489 3508 543 3547 om.
562 3491 585 3544 B

183 3599 214 3639 D1
205 3608 283 3640 tom.
297 3601 361 3643 Eu..
374 3601 395 3642 1.
412 3610 451 3642 ιο.
465 3600 578 3642 mont.-
950 3585 983 3634 23
