2670 3984
191 234 256 299 190
513 232 777 314 ,-Β-

187 399 357 463 τακοσίων
375 393 492 481 μηδεὶς
510 393 548 460 έν
561 389 670 480 Ῥῶμη
685 394 834 477 λυθῆναι
847 389 965 477 γάμος·
988 388 1071 457 κατὰ
1088 389 1126 456 δὲ
1143 386 1205 475 τὴν
1332 475 1333 484 ¹

191 499 341 588 ἑβδόμην
373 501 426 568 έπὶ
458 505 531 579 ταῖς
557 497 737 586 τριάκοντα
764 497 820 565 καί
850 493 969 566 ἑκατὸν
997 492 1259 584 όλυμπιῶσιννθι
1332 577 1333 580 ¹

191 604 430 676 ὑπατευόντων
444 604 590 694 Μάρκου
605 609 816 692 Πομπωνίου
836 604 893 672 καὶ
912 609 1018 672 Γαΐου
1034 608 1208 690 Παπιρίου

192 717 322 802 πρῶτος
349 710 516 782 ἀπολῦσαι
547 713 676 799 λέγεται
707 710 769 799 τὴν
800 711 923 780 ἑαυτοῦ
949 723 1094 798 γυναῖκα
1120 708 1207 778 Σπό-

162 846 266 909 οριος
298 825 505 907 Καρουΐλιος
541 817 628 908 ἀνὴρ
666 816 729 889 οὐκ
764 815 909 905 ἀφανής,
941 809 1209 904 ἀναγκαζόμενος

192 924 258 995 ὑπὸ
282 930 350 995 τῶν
373 929 521 1013 τιμητῶν
546 924 670 1014 ὀμόσαι
687 928 819 995 τέκνων
849 927 946 994 ἕνεκα
969 925 1105 1011 γυναικὶ
1127 943 1208 992 συν-

194 1047 299 1104 οικεῖν
327 1025 385 1122 (ἦν
414 1030 446 1100 δ’
473 1029 562 1125 αόνῳ
592 1030 750 1120 στείρα”
732 1060 753 1120 η
777 1028 933 1122 γυνή),“
916 1059 953 1112 ος
975 1033 1029 1101 ἐπὶ
1050 1057 1096 1122 τῳ
1121 1035 1207 1160 ἔργῳ

193 1140 301 1232 τούτῳ
329 1146 439 1209 καίτοι
468 1137 513 1207 δι’
539 1135 692 1226 ἀνάγκην
722 1139 893 1230 γενομένῳ
917 1136 1121 1264 μισούμενος
1142 1133 1208 1204 ὑπὸ

193 1251 255 1315 τοῦ
278 1209 390 1334 δήμου
414 1249 607 1315 διετέλεσεν.

152 1396 181 1436 ιο
283 1371 403 1438 XXVI.
418 1365 470 1438 Ἃ
481 1361 608 1456 μέν
568 1395 631 1438 ουν
651 1373 698 1448 είς
715 1381 876 1456 γυναῖκας
894 1395 933 1436 ευ
918 1360 1108 1455 Ηέχοντα
1093 1394 1112 1435 ο
1130 1365 1207 1434 Ῥω-

194 1475 299 1565 μόλος
331 1476 593 1563 ἐνομοθέτησεν,
626 1478 659 1557 ἐξ
692 1467 740 1543 ῶν
768 1475 994 1562 κοσμιωτέρας
1024 1475 1100 1562 περὶ
1131 1473 1210 1553 τοὺς

194 1581 323 1671 ἄνδρας
341 1580 444 1662 αότδις
460 1578 698 1668 ἀπειργάσατο,
716 1578 809 1649 ταῦτ’
831 1583 932 1667 ἐστιν,
955 1576 976 1648 iz*
1001 1579 1032 1647 δ’
1059 1585 1106 1660 είς
1125 1583 1209 1648 αίδῶ

194 1691 251 1758 καὶ
284 1688 506 1775 δικαιοσύνην
538 1691 687 1774 παίδων,
719 1691 777 1756 ἵνα
810 1690 932 1773 σέβωσι
963 1684 1042 1766 τοὺς
1069 1686 1211 1773 πατέρας

195 1795 326 1865 ἅπαντα
357 1794 559 1884 πράττοντές
589 1821 625 1863 τε
657 1797 713 1862 καὶ
740 1796 894 1881 λέγοντες
922 1792 985 1872 ὅσα
1013 1789 1055 1861 ἂν
1088 1796 1211 1861 ἐκείνοι

155 1925 182 1966 1⁵
196 1902 393 1988 κελεύωσιν,
421 1905 469 1969 ἔτι
496 1899 627 1970 τούτων
649 1892 694 1986 ἦν
721 1900 904 1990 σεμνότερα
931 1901 987 1969 καὶ
1010 1907 1211 1988 μεγαλοπρε-

196 2011 337 2099 πέστερα
373 2009 429 2076 καὶ
465 2004 595 2094 πολλὴν
636 2011 755 2092 ἔχοντα
791 2005 880 2094 παρὰ
915 2007 996 2087 τοὺς
1030 2004 1212 2094 ἡμετέρους

158 2114 178 2178 2
197 2115 332 2202 νόμους
349 2113 528 2203 διαφορῶν.
575 2115 610 2181 οἱ
636 2113 698 2200 μὲν
725 2112 790 2201 γὰρ
820 2112 879 2204 τὰς
896 2111 1092 2200 Ἑλληνικὰς
1113 2139 1212 2182 κατα-

197 2221 400 2310 στησόμενοι
438 2225 606 2298 πολιτείας
645 2219 775 2307 βραχύν
812 2247 888 2288 τινα
924 2223 1047 2308 κομιδῇ
1084 2218 1211 2307 χρόνον

198 2332 316 2411 ἔταξαν
343 2326 508 2418 ἄρχεσθαι
536 2325 616 2406 τοὺς
643 2329 766 2406 παῖδας
791 2323 856 2394 ὑπὸ
889 2329 957 2394 τῶν
972 2326 1150 2413 πατέρων,
1178 2328 1214 2394 οἱ

158 2459 185 2498 ιο
198 2434 260 2522 μέν
285 2437 346 2514 ἕως
372 2439 487 2523 τρίτον
516 2433 777 2522 ἐκπληρώσωσιν
805 2429 864 2520 ἀφ’
889 2430 974 2518 ἥβης
1002 2437 1087 2518 ἔτος,
1111 2434 1146 2500 οί
1174 2431 1213 2500 δὲ

198 2539 281 2610 ὅσον
304 2537 348 2608 ῶν
371 2539 498 2626 χρόνον
520 2537 636 2626 ἠίθεοι
659 2541 821 2628 με’νωσιν,
845 2542 880 2608 οί
901 2538 939 2606 δὲ
962 2540 1057 2627 μέχρι
1079 2541 1137 2626 τῆς
1160 2543 1266 2618 &lgm

197 2647 238 2716 τδι
261 2644 377 2734 ἀρχεῖα
399 2645 439 2714 τδι
464 2645 609 2734 δημόσια
633 2649 817 2735 ἐγγραφῆς,
845 2642 890 2724 ῶς
913 2647 1028 2733 ἕντῆς
1051 2645 1212 2724 Σόλωνος

102 2819 106 2828 ,
198 2755 253 2822 καὶ
294 2755 464 2821 Πιττακοῦ
505 2753 561 2820 καὶ
603 2753 792 2842 Χαρώνδου
828 2757 1033 2840 νομοθεσίας
1070 2757 1211 2838 ἔμαθον,

159 2855 251 2941 δοῖς
272 2857 378 2947 πολλὴ
402 2873 618 2949 μαρτυρεῖται
642 2866 759 2947 σοφία·
790 2865 950 2946 τιμωρίας
976 2886 1011 2928 τε
1037 2857 1119 2938 κατὰ
1142 2863 1212 2927 τῶν

159 2988 186 3030 τε
199 2971 331 3036 παίδων
355 2968 489 3053 ἔταξαν,
512 2965 573 3036 ἐὰν
595 2963 761 3036 ἀπειθῶσι
788 2979 857 3046 τοῖς
879 2965 1060 3053 πατράσιν,
1089 2962 1133 3056 οὐ,
1152 2970 1211 3051 βα-

272 3221 288 3270 3
307 3232 344 3269 πο
345 3216 451 3285 πηίου
470 3215 493 3268 Β
518 3216 532 3298 λ
547 3233 658 3283 παππιρ
660 3215 705 3268 ου
660 3214 747 3268 Β
818 3219 834 3268 5
854 3213 903 3267 και
921 3210 1044 3284 ᾆουίλιος
1062 3213 1123 3282 ΑΒ,
1142 3229 1212 3268 corr

200 3235 365 3341 Αινδιοεοδ
439 3291 455 3339 6
479 3279 564 3372 ὁμόσε
588 3286 634 3339 Ba
658 3287 662 3352 Ι
688 3290 836 3355 συντυχειν
861 3285 884 3338 Β
968 3289 1000 3338 11
1023 3283 1214 3374 κοσμιωτέρας

200 3353 291 3420 αότδις
315 3355 382 3426 περὶ
408 3351 475 3416 τοὺς
502 3350 610 3440 ᾅνδρας
637 3355 659 3408 Β
742 3363 775 3410 14
802 3374 831 3410 τε
861 3371 914 3410 om.
942 3355 968 3409 A
1050 3359 1083 3410 15
1112 3351 1158 3410 εἰιλ
1187 3357 1213 3408 Α

201 3425 327 3514 ἔ<τ>ιΒ
409 3432 443 3480 20
462 3421 596 3494 δεύτερον
625 3442 648 3481 ο.
676 3427 815 3482 Bflcheler
895 3433 929 3480 23
952 3427 1127 3496 νομοθεσίας
1148 3427 1214 3496 post

200 3495 331 3561 Σολωνος
348 3498 371 3550 Β
444 3501 479 3551 24
497 3497 651 3565 φιλοσοφία
669 3497 692 3550 Β
