2660 3986
620 223 787 274 ..Γ-

196 378 276 460 τούς
296 383 474 467 προδότας,
496 383 534 448 οἵ
549 405 587 466 γε
608 379 710 467 χωρὶς
731 381 791 465 τῆς
812 375 916 464 ἀλλης
938 375 1221 465 ἀναγκαιότητος,

197 483 241 574 ἣν
264 485 380 556 διὰτὸ
401 485 561 574 συγγενὲς
582 486 684 573 έχρῆν
705 481 828 563 αύτούς
841 483 1041 570 φυλάσσειν,
1062 483 1223 565 σπονδάς
1264 493 1267 498 ’

196 593 253 662 καὶ
281 591 378 682 όριιια
403 591 626 679 ποιησάμενοι
652 589 738 676 πρὸς
763 587 851 677 ἡμᾶς
878 594 1018 677 ἔναγχος
1045 588 1124 658 οὔτε
1156 600 1221 659 θε-

199 699 259 782 οὺς
285 704 471 786 σείσαντες,
498 695 559 780 οὓς
584 702 654 768 τόν
682 695 873 784 ὁμολογιῶν
901 697 1101 784 ἐποιήσαντο
1130 697 1221 784 μάρ-

171 833 316 894 ιτνρας,
348 805 426 876 οὔτε
456 805 495 877 τὸ
528 809 662 874 δίκαιον
694 802 776 873 αύτὸ
809 805 865 872 καὶ
895 803 958 891 τὴν
988 801 1221 891 ἀνθρωπίνην
1305 827 1307 832 ·

197 916 334 1001 νέμεσιν
362 914 593 1001 ἐντραπέντες,
621 910 699 981 οὔτε
726 909 764 980 τὸ
792 915 854 980 τοῦ
879 909 1047 980 κινδύνου
1069 913 1222 998 μέγεθος

198 1018 296 1108 εἰμὴ
318 1017 402 1088 κατά
428 1023 515 1088 νοῦν
543 1016 657 1099 αὐτοῖς
684 1015 705 1106 ἡ
729 1021 896 1106 προδοσία
919 1017 1103 1106 χωρήσειεν
1126 1015 1273 1086 ὑποεει

197 1124 424 1213 λογιζόμενοι,
450 1122 512 1194 τὸν
540 1133 708 1194 οἴκτιστον
730 1111 858 1212 τρόπον
887 1119 973 1210 ἡμᾶς
995 1126 1221 1213 ἐπεχείρησαν
1310 1145 1311 1202 χ

198 1229 358 1300 ἀπολέσαι
380 1227 460 1310 τούς
482 1227 643 1310 ἀποίκους
665 1255 700 1298 τε
727 1230 784 1298 καὶ
807 1227 995 1318 εὐεργέτας,
1024 1233 1058 1298 οἱ
1084 1236 1221 1300 κτίσται

159 1364 185 1405 ιο
199 1335 280 1425 μετὰ
301 1340 372 1405 τεόν
396 1337 563 1422 ἐχθίστων
586 1361 621 1404 τε
643 1337 700 1404 καὶ
721 1336 981 1424 πολεμιωτάτων
1004 1335 1152 1417 στάντες.

287 1443 458 1510 XXVIIII.
494 1445 606 1510 Ταύτα
634 1439 666 1509 δ’
692 1440 797 1512 αὐτοῦ
824 1445 982 1530 λέγοντος
1011 1447 1159 1530 οἰμωγαί
1182 1471 1222 1513 τε

198 1552 266 1618 τῶν
292 1545 464 1635 Ἀλβανῶν
492 1549 646 1634 έγίνοντο
674 1549 730 1616 καὶ
756 1549 969 1616 παντοδαπαὶ
997 1548 1128 1636 δεήσεις
1154 1556 1221 1620 τοῦ

199 1655 261 1744 μέν
289 1655 400 1744 όήμον
427 1654 535 1743 μηδὲν
562 1657 745 1742 ἐγνωκέναι
773 1657 931 1742 λέγοντος
953 1647 1003 1725 ἀν
1027 1653 1045 1724 ό
1068 1658 1222 1738 Μέττιος

198 1765 402 1851 ἐμηχανᾶτο,
424 1767 493 1831 τόν
518 1761 556 1829 δὲ
577 1759 637 1842 τὰς
658 1760 840 1850 ἡγεμονίας
862 1762 1010 1850 ἐχόντων
1034 1761 1075 1831 ού
1097 1764 1221 1853 πρότε-
1310 1827 1311 1844 ,

159 1894 184 1935 ιι
198 1896 262 1958 ρον
293 1868 465 1964 πεπύσθαι
495 1866 555 1949 τὰς
582 1866 794 1957 ἀπορρήτους
818 1866 945 1966 βουλάς
974 1873 1221 1957 σκηπτομένων
1310 1855 1311 1868 ¹

198 1971 280 2063 ἢέν
309 1973 399 2068 αύτῷ
426 1977 589 2063 γενέσθαι
615 1979 661 2067 τῷ
689 1973 813 2062 ἀγῶνι,
840 1971 941 2062 ἡνίκα
969 1973 1046 2044 οὕτε
1067 1977 1220 2047 κωλύειν

199 2079 277 2150 ούτε
303 2079 349 2170 μὴ
376 2079 534 2169 πράττειν
561 2079 603 2149 τά
628 2079 832 2168 κελευόμενα
863 2081 901 2149 έν
932 2084 1066 2174 δυνατῷ
1094 2089 1219 2170 σφίσιν

198 2179 254 2276 ἦν,
276 2187 343 2276 ἤδη
367 2191 408 2258 «II
423 2197 528 2257 τινων
546 2189 603 2256 καὶ
626 2187 679 2256 ἐπὶ
696 2186 759 2274 τὴν
778 2185 942 2256 ἀκούσιον
962 2185 1115 2275 ἀνάγκην
1132 2187 1219 2258 ἀνα-

199 2294 376 2384 φερόντων
402 2295 441 2364 τὸ
464 2298 600 2384 πρᾶγμα
628 2291 852 2382 όιάκηόείαν
874 2289 896 2380 ἢ
920 2291 977 2362 διὰ
1000 2297 1217 2382 συγγένειαν·

200 2396 292 2483 οἷςὸ
320 2401 477 2490 βασιλεὺς
504 2405 670 2490 σιωπῆσαι
698 2401 858 2482 κελεύσας
886 2404 1010 2484 έλεξεν·
1047 2400 1131 2470 Οὐδ’
1158 2404 1218 2492 ἐμὲ

198 2510 359 2597 λέληθεν,
391 2509 515 2598 ἀνδρες
540 2507 712 2596 Ἀλβανοί,
743 2507 874 2578 τούτων
908 2500 957 2578 ὧν
989 2505 1241 2596 ἀπολογεῖσθε-

199 2612 320 2703 ούθέν,
347 2613 432 2683 ἀλλά
458 2613 497 2684 τὸ
526 2615 588 2704 μὲν
610 2620 743 2703 πλῆθος
769 2613 867 2702 ὑμῶν
891 2612 1028 2702 ἀγνοεῖν
1051 2613 1114 2702 τὴν
1136 2641 1216 2704 προ-

199 2723 320 2789 όοσίαν
352 2731 466 2809 οἴομαι
501 2720 762 2811 τεκμαιρόμενος
798 2719 850 2792 ὅτι
886 2725 1022 2790 πολλῶν
1055 2724 1266 2795 συνειόό-αοι

198 2854 266 2898 των
295 2826 377 2898 ούὸλ
408 2827 469 2898 τὸν
501 2828 677 2916 ἐλάχιστον
709 2831 836 2916 πέφυκε
866 2825 1060 2918 τάπόρρητα
1091 2835 1214 2898 σιωπά-

160 2957 186 2998 νο
200 2944 283 3004 σθαι
301 2934 440 3026 χρόνον,
458 2939 527 3005 τῶν
545 2935 583 3005 δὲ
600 2937 788 3025 ταξιαρχῶν
806 2935 915 3004 τεκαὶ
934 2939 1089 3023 λοχαγόν
1102 2938 1215 3025 ,βραχύ

92 3060 95 3067 “
199 3069 232 3112 τι
255 3047 356 3130 μέρος
378 3040 525 3131 ἡγοῦμαι
548 3041 586 3112 τὸ
610 3045 923 3129 συνεπιβουλεῦσαν
941 3039 1023 3130 ἡμῖν
1042 3045 1213 3130 γενέσθαι,

159 2373 180 2438 2

159 2462 186 2502 20

272 3207 288 3256 2
317 3198 472 3271 φυλάττειν
498 3202 522 3256 Β
603 3207 619 3256 ό
648 3197 714 3256 ούτε
738 3201 784 3256 Ba
812 3194 846 3256 ού
873 3197 905 3256 τό
928 3202 1006 3256 ABb
1088 3209 1104 3258 6
1132 3197 1167 3257 ού
1190 3205 1213 3258 Α

203 3279 218 3327 7
245 3267 480 3346 ὑπολογιζόμενοι
506 3273 530 3328 Β
562 3268 737 3343 λογιζόμενοι
762 3272 787 3325 Δ
870 3278 893 3327 -9
921 3270 951 3328 οί
969 3275 1085 3328 κτίσται
1112 3273 1214 3330 Βείελτε
1310 3311 1311 3334 ;

201 3344 326 3400 οἴκτιστα
344 3345 390 3401 Βα
408 3347 534 3402 οἴκτιστα
551 3343 629 3398 BbR
647 3345 776 3412 αἴσχιστα
795 3342 896 3412 Sylbur
990 3351 1023 3401 10
1041 3341 1213 3415 πολεμιωτά-
1310 3367 1311 3418 χ

200 3417 293 3470 τωκΒ
311 3419 452 3486 πολεμίων
467 3417 493 3471 R
547 3419 582 3470 17
601 3409 639 3484 μὴ
658 3414 789 3468 Bom.R
844 3419 877 3470 18
893 3411 1056 3470 ειιούσιονΒ
1093 3422 1129 3472 20
1148 3409 1213 3480 ούςέ
1310 3465 1311 3468 ,

201 3492 235 3541 22
255 3483 347 3541 ούόλν
365 3488 388 3542 Β
407 3481 494 3542 ούδὲν
512 3487 538 3540 R
610 3491 645 3540 24
662 3479 697 3538 τά
716 3478 864 3555 ἀπόρρητα
883 3487 959 3542 BbR
1310 3501 1311 3512 ¹
