2698 3982
555 220 721 274 -Δ-
1101 222 1145 288 93

129 377 274 446 ἐποιεῖτο
306 375 494 466 ἀρχομένης
525 379 568 446 ἕω
602 381 836 468 συμφέρεσθαι
867 395 939 461 τοῖς
966 387 1146 470 πολεμίοις.

128 481 292 568 ἐγνωκότι
317 483 354 552 δὲ
376 481 467 576 αὐτῷ
490 485 594 552 ταῦτα
617 485 706 570 λέγει
719 511 770 564 τις
787 483 921 566 έττιστάς
942 485 1018 556 καθ’
1034 485 1145 558 ἀτνον

129 587 307 680 έττιχάριος
337 593 469 677 δαίμων
501 591 662 678 δέχεσθαι
690 589 769 672 τοὺς
792 589 958 679 Ἕλληνας
986 596 1027 682 τῇ
1054 593 1146 686 χοίρῳ

76 701 337 776 146συνοίκους·
368 693 463 782 ἥκειν
485 693 550 784 γὰρ
574 693 698 776 αὐτοὺς
719 698 803 784 μέγα
826 695 986 786 ἀφέλημα
1010 705 1145 791 Λατίνῳ

128 801 186 870 καὶ
208 799 328 870 κοινὸν
348 799 569 890 Ἀβοριγίνων
583 799 733 888 ἀγαθόν·
757 807 878 894 Αίυείμ
890 830 926 874 τε
941 807 977 874 οί
996 809 1172 898 τατρῳῑοιτ

128 908 208 978 θεολ
229 911 289 994 τῆς
311 905 414 994 αὐτῆς
438 906 559 988 νυκτὸς
581 911 745 996 φανέντες
770 909 1055 998 παρακελεύονται
1077 917 1146 980 τεί-

128 1023 210 1084 θειν
233 1021 384 1084 Λατῖνον
408 1013 528 1084 ἑκόντα
549 1029 734 1104 παρασχεῖν
757 1022 855 1104 σφίσι
877 1014 939 1104 τὴν
961 1023 1093 1103 οίιιησιν
1108 1019 1146 1086 έν

129 1112 158 1213 ᾧ
181 1119 365 1208 βούλονται
387 1125 513 1211 χωρίῳ,
540 1121 597 1190 καλ
619 1120 811 1210 χρήσασθαι
835 1122 977 1210 δυνάμει
995 1121 1146 1209 Ἑλληνι-

128 1230 172 1318 κῇ
203 1226 364 1318 συμμάχῳ
393 1231 521 1315 μᾶλλον
548 1223 571 1314 ἢ
600 1227 772 1319 διαφόρῳ·
804 1225 1015 1318 ἀμφοτέρους
1043 1228 1082 1297 δὲ
1107 1227 1146 1298 τὸ

130 1332 218 1422 ὄναρ
241 1332 387 1404 ίκόλυεν
409 1331 527 1422 ἀρχειν
550 1333 665 1420 μάχης.
697 1331 743 1414 ὡς
765 1333 803 1403 δὲ
825 1331 932 1423 ἡμέρα
944 1361 981 1406 τε
1003 1337 1146 1422 ἐγένετο,
1160 1359 1188 1402 ιο

129 1440 187 1508 καὶ
219 1439 495 1528 διεκοσμήθησαν
523 1444 572 1520 είς
598 1439 709 1528 μάχην
736 1444 775 1510 αί
801 1441 977 1529 δυνάμεις,
1006 1441 1148 1530 κήρυκες

130 1537 217 1632 ἧκον
244 1543 292 1627 άς
312 1545 392 1626 τοὺς
419 1545 586 1634 ἡγεμόνας
609 1548 818 1634 ἑκατέρωθεν
840 1547 879 1618 τὸ
908 1547 990 1618 αὐτὸ
1013 1546 1147 1630 ἀξιοῦν-

130 1677 195 1738 τες,
215 1660 397 1722 συνελθεῖν
415 1651 574 1740 ἀλλήλοις
591 1657 639 1733 είς
656 1652 791 1739 λόγους·
811 1655 868 1722 καλ
885 1655 1017 1742 ἐγένετο
1037 1658 1148 1724 τοῦτο.

198 1760 318 1828 LV'IH.
341 1763 482 1848 Πρῶτος
505 1757 543 1826 δὲ
566 1755 584 1828 ὁ
606 1765 753 1838 Λατῖνος
776 1763 923 1846 ἔγκλημα
944 1759 1148 1847 ποιούμενος

129 1863 192 1934 τὸν
225 1863 403 1952 αίφυίδιόν
434 1889 469 1934 τε
505 1864 561 1932 καί
591 1861 837 1952 ἀκατάγγελτον
870 1864 1019 1954 πόλεμον
1050 1863 1147 1952 ἠξίου
1161 1888 1187 1930 ιε

130 1969 193 2040 τὸν
217 1976 359 2040 Αίυείαν
383 1973 505 2057 λέγειν,
529 1969 621 2050 ὅστις
643 1965 693 2038 τάν
715 1971 771 2038 καὶ
794 1977 830 2039 τί
848 1970 1057 2058 βουλόμενος
1074 1969 1148 2056 ἀγει

131 2078 308 2167 καὶφέρει
335 2075 376 2146 τά
403 2081 509 2166 χωρία
531 2075 711 2156 πεπονθός
737 2103 773 2145 τε
797 2074 899 2146 οὐδὲν
928 2075 1043 2146 δεινὸν
1065 2075 1148 2164 τρό-

130 2209 229 2272 τερος
249 2183 306 2252 καί
325 2181 387 2252 οὐκ
409 2181 545 2270 ἀγνοῶν
568 2180 621 2252 ὅτι
637 2181 698 2252 τὸν
721 2181 868 2272 ἀρχοντα
880 2186 1030 2271 πολέμου
1051 2178 1147 2264 aas&

131 2287 323 2378 προπαθὼν
349 2287 530 2377 ἀμύνεται·
561 2287 735 2378 παρασχόν
758 2315 793 2360 τε
823 2286 866 2360 ἀν
890 2287 979 2382 αὐτῷ
1002 2293 1088 2376 πᾶν,
1118 2297 1152 2358 εί

79 2421 228 2475 ιςττινος
259 2397 367 2464 ἐδεῖτο
399 2400 557 2485 μετρίου,
588 2393 674 2482 πρὸς
706 2399 825 2482 φιλίαν
853 2396 910 2464 καὶ
936 2393 1020 2482 παρ’
1053 2395 1146 2464 ἑκόν-
1160 2418 1187 2459 το

131 2527 202 2571 των
226 2499 442 2590 εὑρίσκεσθαι
463 2506 533 2572 τῶν
554 2504 736 2589 ἐγχωρίων,
758 2499 940 2590 παρελθὼν
962 2499 1024 2588 τὴν
1043 2499 1148 2572 ἁπάν-

132 2634 203 2678 των
232 2606 428 2696 ἀνθράκων
459 2613 635 2678 δικαίωσιν
665 2617 798 2696 αίσχιον
821 2604 842 2696 ἢ
866 2607 1005 2678 κάλλιον
1027 2607 1148 2696 ἠξίωσε

132 2720 214 2802 βίαν
236 2717 441 2805 προσφέρων
463 2713 504 2785 τά
527 2713 612 2785 αὐτὰ
635 2714 830 2803 λαμβάνειν.
866 2719 1005 2784 τοιαῦτα
1028 2715 1066 2785 δὲ
1088 2713 1183 2786 υἷι-2

132 2825 196 2890 τοῦ
229 2823 466 2908 διαλεχθέντος
496 2819 698 2908 ἀπεκρίνπο
725 2825 880 2900 Αἰνείας·
906 2819 1019 2909 Ἡμεῖς
1049 2823 1149 2908 γένος

132 2926 197 3014 μὲν
224 2929 335 3015 Τρῶές
357 2928 473 3013 έσμεν,
495 2925 625 3007 πόλεως
648 2925 687 2995 δὲ
710 2925 751 2996 οὐ
774 2931 834 3014 τῆς
856 2925 1088 3014 ἀφανεστάτης
1110 2929 1147 2996 έν
1161 2948 1188 2989 ιε

124 3029 286 3118 Ἕλλησιν
319 3031 522 3119 ἐγενόμεθα·
566 3029 610 3120 ἣν
642 3030 884 3120 ἀφαιρεθέντες
919 3029 975 3101 ὑπ’
1007 3030 1148 3120 Ἀχαιῶν

134 3143 285 3208 δεκαετεῖ
313 3141 445 3231 πολέμῳ
477 3147 717 3229 χειρωθεῖσαν,
749 3137 870 3226 ἀλῆται
895 3137 1148 3227 περιερχόμενοι

207 3332 339 3388 ὅτεΔΒ
413 3339 445 3388 12
464 3325 534 3404 ἦγον
547 3335 593 3388 Ba
613 3335 618 3404 Ι
637 3331 669 3389 τὸ
687 3329 761 3400 Ἰαὐτὸ
780 3335 876 3389 om.A
948 3339 981 3388 13
1001 3327 1150 3402 έγίνετοΑ

135 3411 169 3460 16
183 3398 236 3475 ἀν]
250 3395 288 3474 ἦν
301 3405 324 3458 Β
379 3410 413 3460 19
422 3401 574 3492 ,παρασχὸν
588 3405 710 3476 Sylburg
722 3399 909 3491 ταρατχάνθ
925 3406 930 3474 1
946 3397 983 3459 ἀν
996 3404 1051 3492 δελ.
1061 3404 1150 3462 Cobet

135 3475 200 3532 Oba.
219 3493 248 3546 p.
267 3481 302 3530 32
357 3481 393 3532 24
411 3478 579 3546 ἀπεκρίνετο
597 3477 643 3531 Ba
703 3482 738 3532 λθ
757 3474 881 3532 *υτοΟ
941 3477 1150 3546 θλαλητεςΒει
