2660 3986
192 213 259 278 400
615 217 866 268 -Γ-.

192 374 229 441 ἐν
252 371 372 464 ἀγορᾷ,
394 368 415 463 ή
435 375 492 443 καὶ
510 378 559 455 είς
582 373 639 461 ἐμὲ
660 365 705 461 ἦν
724 379 772 443 ἔτι
793 371 859 458 πρὸ
878 377 938 444 τοῦ
960 380 1203 464 βουλευτηρίου

191 482 326 567 κειμένη
363 487 508 568 πλησίον
539 485 602 568 τῆς
633 483 725 569 ίεριλς
761 485 865 568 συκῆς
900 480 1046 551 ἐλάττων
1078 479 1204 568 ἀνδρὸς

192 592 330 674 μετρίου
365 586 428 676 τήν
464 587 647 676 περιβολήν
685 594 808 676 ἔχουσα
840 586 923 658 κατὰ
956 593 1015 675 τῆς
1048 593 1203 677 κεφαλῆς.

192 690 310 779 ὀλίγον
334 693 372 762 δὲ
394 693 534 762 ἄπωθεν
553 692 656 782 αὐτῆς
677 691 752 782 ήτε
773 691 880 780 ἀκόνη
899 694 1087 783 κεκρύφθαι
1110 695 1254 781 λέγε-593

165 824 246 867 ιται
268 797 351 868 κατὰ
373 805 436 888 γῆς
457 803 513 870 καλ
541 799 579 871 τὸ
609 799 711 890 ξυρὸν
734 798 800 870 ὑπὸ
822 805 923 892 βωμῷ
947 824 1024 870 τινι·
1056 809 1204 871 καλεῖται
1299 795 1300 846 3

193 904 231 973 δέ
256 909 371 996 Φρέαρ
398 905 416 976 ὁ
444 907 546 990 τόπος
571 907 637 978 ὑπὸ
661 905 845 996 Ῥωμαίων.
893 909 949 976 καὶ
974 906 1016 977 τὰ
1043 906 1105 995 μὲν
1129 910 1203 996 περὶ

190 1017 252 1082 τοῦ
276 1013 426 1100 μάντεως
446 1015 571 1085 τούτου
593 1016 875 1104 μνημονευόμενα
896 1013 1000 1084 ταῦτά
1023 1017 1101 1084 ἐστι.

280 1121 412 1188 LXXII.
449 1120 614 1202 Βασιλεὺς
641 1121 679 1190 δὲ
710 1120 896 1210 Ταρκύνιος
928 1117 1204 1209 ἀναπεπαυμένος

192 1222 258 1311 ήδη
281 1229 349 1294 τῶν
371 1229 562 1315 πολεμικῶν
586 1233 695 1314 ἔργων
714 1226 770 1296 διὰ
793 1231 910 1316 γήρας,
933 1219 976 1313 ήν
994 1225 1059 1316 γδιρ
1083 1225 1204 1315 ὀγδοη-

98 1352 101 1358 ’
155 1334 387 1418 ιοκονταέτης,
421 1335 670 1421 δολοφονηθεὶς
700 1332 766 1404 ὑπὸ
799 1338 868 1404 τεόν
889 1333 1017 1420 ’Ἄγκου
1044 1340 1204 1422 Μαρκίου

191 1441 324 1507 παίδων
356 1437 566 1528 ἀποθνήσκει
598 1440 880 1530 ἐπιχειρησόντων
912 1439 974 1528 μὲν
994 1445 1055 1508 ’ἐτι
1086 1440 1204 1529 πρότε-

191 1572 255 1633 ρον
279 1547 431 1632 ἐκβαλεῖν
454 1545 559 1618 αιἰτδν
583 1549 619 1616 ἐκ
640 1553 700 1635 τῆς
720 1546 825 1637 όρχής
844 1549 900 1616 καὶ
922 1546 1081 1627 πολλάκις
1101 1551 1202 1616 τοῦτο

191 1657 542 1742 πραγματευσαμένων
573 1652 645 1724 κατ’
679 1657 798 1724 ἐλπίδα
833 1659 895 1724 τοῦ
931 1668 1122 1743 περιπεσεῖν
1157 1658 1206 1733 είς

192 1757 316 1841 αὐτοὺς
346 1760 546 1841 ἐκπεσόντος
577 1763 710 1830 ἐκείνου
739 1761 803 1850 τήν
833 1766 1051 1848 δυναστείαν,
1084 1758 1129 1841 ὡς
1162 1759 1205 1848 δή

153 1887 179 1928 1⁵
191 1867 349 1960 πατρςόαν
392 1873 510 1956 σφίσιν
551 1865 771 1956 ὑπάρχουσαν
811 1869 867 1937 καλ
904 1871 939 1937 ἐκ
979 1872 1041 1937 τοῦ
1077 1867 1205 1960 ῥᾴστου

152 1973 275 2061 2ιιρὸς
296 1979 365 2043 τῶν
387 1980 534 2044 πολιτῶν
563 1978 811 2063 δοθησομένην.
858 1977 928 2044 ἐπεὶ
955 1974 993 2043 δὲ
1016 1974 1204 2062 διήμαρτον

191 2085 249 2168 τής
277 2084 425 2168 ἐλπίδος,
458 2080 641 2170 ἐπιβουλήν
669 2082 821 2170 ἄφυκτον
849 2081 921 2150 κατ’
951 2080 1056 2151 αὐτοῦ
1084 2083 1204 2169 ἐμηχα-
1301 2073 1302 2106 ¹

191 2187 351 2275 νήσαντο,
374 2185 418 2276 ἣν
437 2187 499 2257 οόκ
521 2198 636 2257 εἴασεν
656 2187 867 2278 ἀτιμώρητον
884 2191 1046 2275 γενέσθαι
1068 2187 1105 2257 τὸ
1126 2192 1260 2261 Oua-594

192 2295 324 2382 μόνιον.
370 2295 573 2385 διηγήσομαι
602 2294 640 2363 δέ
665 2297 721 2364 καλ
749 2293 810 2365 τὸν
836 2300 895 2384 τῆς
922 2298 1101 2382 ἐπιβουλῆς
1127 2295 1206 2381 τρό-

152 2420 179 2460 ²⁰
192 2427 263 2484 που
280 2400 345 2471 ἀπὸ
368 2406 428 2490 τῆς
449 2402 583 2494 πραότης
609 2402 843 2490 ἐπιχειρήσεως
869 2400 982 2472 αὐτῶν
1009 2399 1205 2489 ἀρξόμενος.

152 2509 173 2573 3
193 2506 210 2577 ὁ
226 2511 351 2595 Νέβιος
374 2513 501 2592 ἐκεῖνος
519 2507 537 2580 ὁ
558 2507 670 2590 δεινὸς
688 2508 921 2596 οἰωνομάντις,
941 2504 981 2576 δν
1001 2513 1087 2594 ἔφην
1107 2509 1205 2576 ἐναν-

191 2620 363 2702 τιωθῆναί
394 2641 474 2685 ποτε
504 2620 550 2708 τῷ
587 2622 721 2703 βασιλεῖ
754 2620 911 2695 πλείονας
943 2617 976 2697 ἐξ
1008 2615 1206 2686 ἐλασσόνων

190 2726 329 2810 ποιήσαι
351 2721 411 2802 τὰς
428 2720 537 2810 φυλὰς
554 2725 761 2813 βουλομένῳ,
781 2721 836 2791 ὅτε
856 2721 998 2810 μάλιστα
1021 2721 1122 2810 ήνθει
1147 2723 1207 2792 διὰ

190 2828 253 2916 τήν
284 2831 406 2917 τέχνην
437 2830 493 2897 καλ
524 2837 681 2898 πλεῖστον
713 2828 862 2916 ήδόνατο
890 2825 1064 2917 Ῥωμαίων
1098 2827 1205 2898 ἁπόν-

152 2957 178 3000 ω
192 2963 276 3022 των,
300 2946 364 3006 εἴτε
392 2935 586 3024 φθονηθεὶς
612 2933 677 3004 ὑπὸ
704 2939 773 3004 τῶν
801 2933 1005 3024 ἀντιτέχνων
1027 2935 1119 3016 τινὸς
1141 2935 1201 3006 εἰτ’

263 3138 279 3186 2
300 3127 404 3188 ἐλοίττω
423 3134 448 3187 Α
509 3139 527 3188 4
545 3127 702 3187 ἅπωθενΒ
720 3125 834 3186 ἄποθεν
847 3132 873 3186 R
887 3133 893 3201 Ι
909 3125 1074 3202 γεγράφθαι
1092 3129 1207 3202 λέγεται

191 3202 240 3258 καλ
263 3197 279 3258 δ
300 3199 383 3274 ξυρὸς
405 3199 478 3258 κατὰ
503 3204 554 3272 γῆς
576 3198 634 3257 ὑπὸ
660 3201 855 3272 OpraeterB
936 3209 952 3258 6
975 3197 1032 3257 ὑπὸ
1056 3199 1080 3274 β.
1096 3203 1124 3258 B'
1145 3198 1204 3258 ὑπὸ

191 3275 248 3328 τῶν
266 3270 335 3343 §.R
408 3280 440 3329 12
460 3270 605 3344 πολλάκις]
629 3275 718 3330 πολλὰ
742 3271 783 3336 είς
802 3273 824 3328 Β
898 3279 930 3328 13
950 3293 1206 3345 καταπραγμοιτευ-

191 3344 365 3416 οαμένωνΑ
439 3353 472 3402 16
491 3345 642 3400 πολιτικῶν
661 3347 686 3399 Α
758 3350 793 3399 20
811 3339 1083 3415 ἀπό-ἀρξόμενος
1105 3346 1205 3401 om.O

191 3415 345 3486 praeterB
424 3424 456 3472 21
485 3412 500 3471 ὁ
525 3411 620 3479 δεινὸς
642 3413 830 3486 οἰωνομάντις
853 3433 908 3472 om.
932 3416 955 3471 Ο
978 3419 1090 3486 praeter
1107 3417 1130 3470 B
1148 3417 1206 3472 hoc

190 3487 264 3555 loco,
281 3490 389 3555 ponunt
406 3491 472 3556 post
490 3482 626 3543 ἁπάντων
643 3506 669 3544 v.
689 3494 723 3543 25
