2698 3982
575 196 740 250 -Α-
1123 197 1164 261 19

149 356 390 444 βασιλεύοντος
420 359 546 440 Αἰζειοὶ
579 359 750 444 ἐλέγοντο,
783 355 959 436 Λυκάονος
992 355 1029 424 δέ
1061 381 1164 444 παρα-

149 463 315 550 λαβόντος
327 462 389 552 τήν
408 462 517 552 ἀρχήν
541 460 594 534 ἀπ’
616 466 748 534 ἐκείνου
766 455 869 544 αὖθις
884 462 1058 544 Λυκάονες
1081 461 1164 532 άνο-

149 569 346 658 μάσθησαν,
375 568 551 658 Οἰνώτρου
579 568 616 638 δέ
642 576 844 658 κομίσαντος
866 566 988 649 αὐτοὺς
1016 573 1064 651 εἰς
1084 567 1164 639 Ἰτα-

149 683 225 746 λίαν
250 683 416 764 Οἰνωτροι
441 675 567 765 χρόνον
589 673 665 744 τινά
694 676 896 762 ἐκλήθησαν.
916 651 1105 796 [μαρτυρεῖ
1127 679 1204 747 όέ2

149 810 205 871 μοι
232 787 278 876 τῷ
302 782 392 873 λόγφ
416 785 596 869 Σοφοκλῆς
619 780 681 869 μέν
705 780 723 851 ὁ
747 779 1000 876 τραγῳδοποιός
1023 785 1060 852 έν
1088 791 1190 872 Tot-⁵

147 893 299 981 πτολέμῳ
328 888 488 978 δράματι·
515 894 691 976 πεποίηται
718 888 782 977 γάρ
811 887 900 982 αὐτῷ
925 889 1090 978 Δημήτηρ
1115 893 1163 956 θι-

69 983 72 988 *
149 995 321 1064 θάσκουσα
343 994 403 1064 τὸν
430 995 674 1083 Τριπτόλεμον,
703 993 789 1083 ὅσην
812 994 925 1085 χώραν
949 993 1163 1084 ἀναγκασθή-

149 1123 240 1172 σεται
272 1109 418 1189 σπείρων
445 1117 516 1184 τοῖς
544 1106 699 1172 δοθεῖσιν
728 1099 785 1184 ὑπ’
816 1101 918 1190 αὐτῆς
945 1117 1085 1191 καρποῖς
1114 1105 1162 1170 θι-

148 1212 316 1292 εξελθείυ·
344 1219 534 1297 μνησθεῖσα
557 1209 595 1278 δὲ
617 1213 675 1296 τής
699 1209 786 1301 ἑφόυ
807 1213 942 1297 πρῶτον
962 1207 1118 1295 Ἰταλίας,
1141 1205 1162 1296 ή

148 1320 238 1386 έστιν
262 1313 318 1384 ἀπ’
343 1314 447 1404 άκρας
472 1314 640 1403 Ἰαπυγίας
667 1319 763 1404 μέχρι
786 1320 947 1405 πορθμοῦ
970 1319 1161 1400 Σικελικοῦ,
1176 1334 1203 1374 10

147 1425 202 1492 καί
235 1421 315 1510 μετὰ
346 1427 445 1491 τοῦτο
472 1428 531 1510 τῆς
557 1421 697 1510 άντικρὺ
725 1420 879 1511 ἁψαμένη
908 1427 1079 1507 Σικελίας,
1108 1420 1161 1488 έπί

146 1529 208 1617 τήν
242 1531 397 1618 ἑσπέριον
422 1529 566 1600 Ἰταλίαν
599 1521 701 1610 αὖθις
730 1529 931 1618 ἀναστρέφει
953 1530 1009 1596 καί
1027 1525 1077 1598 ’τά
1106 1529 1161 1614 μέ-

147 1656 244 1722 γιστα
275 1641 343 1704 τῶν
381 1637 567 1706 οἰκούντων
598 1634 660 1724 τήν
692 1639 857 1726 παράλιον
889 1635 1013 1722 ταύτην
1047 1636 1160 1702 ἐθνῶν

147 1745 363 1831 διεξέρχεται,
389 1742 451 1832 τήν
479 1742 586 1832 άρχήν
614 1742 679 1812 άπὸ
706 1747 765 1830 τῆς
794 1743 976 1831 Οἰνώτρων
1001 1741 1161 1830 οἰκήσεως

68 1941 72 1949 λ
145 1852 364 1937 ποιησαμένη.
408 1848 538 1940 ἀπόχρη
572 1850 610 1919 δὲ
640 1855 744 1920 ταῦτα
776 1849 864 1937 μόνα
896 1851 1059 1936 λεχθέντα
1090 1850 1158 1915 τῶν
1173 1863 1200 1904 1⁵

36 2003 40 2010 ·
92 1977 127 2025 34
146 1960 319 2044 ἰαμβείων,
342 1957 379 2024 έν
403 1951 454 2038 οἰς
476 1977 576 2046 φησι·

304 2080 345 2150 τά
368 2079 399 2150 θ’
425 2081 594 2166 ἐξόπισθε,
618 2078 727 2169 χειρὸς
750 2083 799 2160 εἰς
820 2076 861 2148 τὰ
885 2077 987 2163 δεξιά,

306 2193 473 2276 Οἰνωτρία
495 2215 531 2256 τε
553 2191 643 2256 πᾶσα
665 2188 721 2254 καί
748 2183 958 2274 Τυρρηνικὸς

304 2294 427 2374 κόλπος
450 2293 633 2381 Λιγυστική
656 2321 692 2362 τε
714 2297 756 2381 γή
781 2313 818 2361 σε
843 2293 977 2373 δέξεται.

142 2415 309 2506 Ἀντίοχος
342 2417 379 2486 δὲ
407 2416 425 2486 ὁ
454 2417 704 2507 Συρακούσιος,
737 2414 950 2505 συγγραφεὺς
981 2415 1072 2484 πάνυ
1099 2395 1197 2504 ἆο·3

30 2574 32 2581 ,
143 2538 252 2611 χαίος,
284 2527 322 2592 έν
346 2522 486 2604 Ἰταλίας
518 2529 657 2615 οἰκισμῷ
684 2522 763 2603 τοὺς
795 2521 1038 2601 παλαιοτάτους
1068 2521 1156 2609 οἰκή-
1171 2483 1198 2523 ²⁰

142 2657 243 2720 τορας
271 2628 419 2717 θιεξιάιν,
448 2626 493 2712 ὡς
520 2633 656 2699 ἕκαστοί
679 2658 711 2698 τι
735 2631 835 2718 μέρος
862 2626 964 2715 αὐτῆς
991 2644 1156 2715 κατεῖχον,

24 2753 28 2762 ’
144 2736 337 2825 Οἰνώτρους
368 2739 458 2824 λέγει
489 2737 642 2826 πρώτους
672 2741 741 2805 τῶν
774 2737 1081 2824 μνημονευομένων
1118 2737 1155 2803 έν

143 2841 226 2932 αὐτή
253 2849 462 2931 κατοικῆσαι,
490 2841 593 2911 εἰπάν
621 2833 704 2911 ὧδε·
735 2841 920 2928 Ἥυτίοχος
941 2840 1154 2928 Ξενοφάνεος

141 2949 221 3020 τάδε
245 2953 434 3038 συνέγραφε
457 2952 532 3038 περί
553 2948 692 3036 Ἰταλίης
715 2951 750 3017 έκ
777 2952 845 3017 τῶν
868 2947 1018 3036 άρχαίων
1042 2947 1154 3032 λόγων
1169 2978 1195 3019 ω

214 3117 228 3165 1
248 3108 333 3177 αἰζιοί
350 3111 426 3166 ABb
451 3109 544 3179 αἰζηοί
563 3111 609 3166 Ba
632 3107 746 3178 αἰζῇνες
765 3127 787 3164 ο.
808 3108 929 3178 Sylburg
1001 3111 1017 3160 5
1036 3105 1110 3175 *μου
1130 3103 1153 3159 Ο

142 3188 175 3237 10
193 3177 272 3236 *άπὸ
291 3177 380 3253 άκρας
400 3181 422 3238 O
489 3188 521 3237 11
541 3182 591 3251 τῆς
608 3176 741 3251 ἄντικρυς
760 3198 783 3234 ο.
798 3179 940 3248 Kiessling
1013 3183 1045 3232 12
1066 3167 1154 3238 αὖθις

141 3253 293 3308 ἰταλίανΒ
366 3260 399 3308 13
418 3250 601 3322 παράλιονΕ
636 3253 779 3322 παραλίαν
798 3249 847 3304 AB
920 3254 953 3304 16
973 3247 1153 3321 ἰαμβικάνΒ

177 3331 210 3380 19
224 3320 403 3393 λογιστικήΑ
419 3327 424 3394 Ι
439 3344 469 3380 τε
485 3325 572 3381 om.B
626 3330 660 3379 22
677 3321 814 3393 κατέσχον
834 3339 856 3377 ο.
867 3319 1009 3390 Kieseling
1064 3316 1153 3374 1εοί-

140 3391 281 3467 νιοτρόους
299 3396 344 3449 Ba
366 3394 544 3466 οἰνωτροίους
561 3396 608 3451 Bb
685 3401 720 3449 24
738 3389 919 3462 ξενοφάνεως
937 3391 963 3444 A
1040 3395 1075 3446 25
1095 3387 1152 3444 ἰτα·

140 3469 199 3536 λίης
217 3467 240 3522 Β
260 3464 368 3530 ἰταλίας
384 3467 410 3521 Β

953 3551 990 3604 21
