2660 3986
566 192 733 242 ..Γ-

144 350 202 414 δια
229 348 285 415 καί
313 351 427 433 φαῦλα
458 360 530 428 ταῖς
561 349 731 434 ἐργασίαις
763 346 845 417 ὄντα
872 352 1003 435 πρῶτος
1030 346 1156 440 ᾠκοδο-

143 453 271 541 μήσατο
299 459 413 534 λύδοις
439 451 628 542 ἁμαξιαίοις
654 456 887 542 εἰργασμένοις
913 453 997 542 πρὸς
1018 455 1157 524 κανόνα.

104 559 266 647 δήρξατο
295 560 334 629 δέ
360 562 416 630 καί
438 559 497 641 τὰς
519 558 715 648 ὑπονόμους
743 559 896 648 ὀρύττειν
918 561 1084 649 τάφρους,
1108 559 1153 629 δι’

145 660 195 736 ῶν
223 669 277 737 έπὶ
308 667 369 738 τὸν
400 670 539 756 Τέβεριν
572 665 758 755 ὀχετεύεται.
788 670 856 735 πᾶν
882 666 920 737 τὸ
948 669 1093 756 συρρέον
1122 668 1158 735 έκ
1212 703 1215 706 ,
1301 677 1308 729 λ

116 779 213 844 ετῶν
246 778 427 844 στενωπῶν
458 772 569 862 ὑδωρ,
601 779 682 863 ἔργα
714 772 893 862 θαυμαστά
928 774 985 842 καὶ
1016 767 1156 860 ’κρείττω

143 879 249 967 λόγου
279 881 620 969 κατασκευασάμενος.
675 879 772 967 ἔγωγ’
804 873 867 950 οὑν
900 883 937 950 ἐν
968 881 1057 967 τρισὶ
1088 893 1159 958 τοῖς

143 986 506 1078 μεγαλοπρεπεστάτοις
536 987 827 1076 κατασκευάσμασι
862 991 922 1074 τῆς
947 985 1093 1074 Ῥῶμης,
1125 988 1159 1066 ἐξ

144 1083 195 1161 ῶν
227 1092 370 1181 μάλιστα
405 1093 444 1162 τὸ
475 1098 534 1182 τής
565 1092 746 1182 ἡγεμονίας
778 1097 972 1182 ἐμφαίνεται
1005 1094 1159 1181 μέγεθος,

143 1197 203 1278 τάς
224 1225 260 1267 τε
281 1203 350 1269 τῶν
368 1195 504 1268 ὑδάτων
523 1197 656 1286 ἀγωγάς
676 1205 812 1288 τίθεμαι
830 1202 886 1270 καί
903 1198 962 1280 τάς
979 1205 1047 1268 τῶν
1067 1197 1159 1268 ὁδῶν

106 1331 134 1372 10
148 1305 307 1392 στρώσεις
333 1307 389 1372 καὶ
415 1304 475 1386 τδις
501 1309 570 1375 τῶν
592 1304 777 1394 ὑπονόμων
806 1308 963 1394 ἐργασίας
986 1304 1028 1374 οὐ
1050 1305 1159 1394 μόνον

145 1415 193 1491 εἰς
219 1410 257 1480 τὺ
286 1411 452 1500 χρήσιμον
483 1417 542 1501 τής
568 1416 773 1499 κατασκευῆς
800 1411 862 1500 τήν
893 1411 1051 1481 διάνοιαν
1078 1409 1160 1480 άνα-

145 1520 277 1605 φέρων,
304 1516 390 1608 ὑπὲρ
414 1511 456 1588 οὑ
480 1517 564 1590 κατά
586 1518 647 1588 τὸν
677 1525 802 1588 οἰκεῖον
824 1517 945 1608 καιρὸν
968 1521 1049 1608 έρῶ,
1076 1515 1161 1586 άλλὺ

145 1625 202 1693 καί
225 1630 273 1705 εἰς
294 1624 444 1712 τὴντῶν
467 1622 698 1713 ἀναλωμάτων
716 1627 945 1711 πολυτέλειαν,
968 1621 1012 1711 ἣν
1030 1625 1064 1705 ἐξ
1083 1620 1161 1702 ἑνὸς

147 1737 249 1818 ἔργον
271 1728 460 1818 τεκμήραιτ’
485 1729 529 1800 άν
551 1758 602 1812 τις
619 1731 726 1800 Γάιον
746 1729 912 1800 Ἀκίλλιον
934 1729 1161 1818 ποιησάμενος

106 1861 134 1902 ιε
147 1842 209 1907 τού
241 1840 422 1926 μέλλοντος
453 1839 613 1924 λέγεσθαι
644 1836 848 1924 βεβαιωτήν,
881 1835 919 1918 ὅς
945 1855 1051 1925 φησιν
1078 1835 1215 1924 άμε-σεα

145 1947 319 2031 ληθεισῶν
350 1967 430 2012 ποτε
461 1947 529 2012 τῶν
560 1943 700 2033 τάφρων
729 1943 786 2012 καὶ
817 1946 934 2030 μηκέτι
966 1944 1160 2032 διαρρεομέ-

146 2077 219 2119 νων
245 2049 324 2130 τοὺς
350 2046 488 2136 τιμητὰς
514 2047 577 2136 τήν
605 2048 841 2137 ἀνακάθαρσιν
869 2047 981 2118 αὐτῶν
1012 2049 1068 2117 καί
1096 2047 1159 2135 τήν

147 2155 326 2244 ἐπισκευήν
349 2161 466 2244 χιλίων
489 2161 661 2242 μισθῶσαι
683 2155 867 2226 ταλάντων.

236 2265 394 2332 LXVIII·
417 2263 648 2332 Κατεσκεύασε
677 2263 714 2331 δὲ
740 2264 797 2331 καί
823 2260 885 2332 τὸν
912 2265 1069 2350 μέγιστον
1091 2265 1160 2330 τῶν

108 2393 136 2434 so
149 2370 370 2458 ίπποδρόμων
398 2369 584 2458 Ταρκύνιος
606 2371 667 2439 τὸν
690 2368 811 2459 μεταξὺ
832 2374 894 2440 τοῦ
916 2396 952 2438 τε
971 2367 1161 2438 Αὐεντίνου

145 2478 202 2545 καί
239 2479 301 2544 τοὺ
336 2481 554 2546 Παλλαντίου
593 2480 748 2564 κείμενον
788 2479 919 2562 πρῶτος
955 2473 1162 2562 ὑποστέγους

145 2581 290 2668 ποιήσας
325 2582 401 2668 περὶ
438 2579 543 2651 αὑτὸν
579 2585 749 2670 καθέδρας
790 2583 886 2672 (τέως
921 2579 986 2670 γάρ
1024 2581 1162 2662 ἑστῶτες

147 2687 338 2778 ἐθεώρουν)
354 2687 404 2756 ἐπ’
424 2693 553 2777 ἰκρίοις,
573 2691 684 2758 δοκῶν
704 2691 854 2771 ξυλίναις
873 2703 1012 2776 σκηναῖς
1030 2685 1162 2756 ὑποκει-

221 2893 234 2938 1
264 2878 467 2954 ᾠκοδομήσατο
495 2883 632 2940 ΒδολιεΙετ
669 2879 870 3010 έδο<μήιίξατο
897 2884 920 2937 Β
957 2878 1108 2954 ἐδοκίμασε
1136 2884 1163 2937 R

148 2963 164 3012 6
183 2951 466 3025 κατασκευασάμενος
484 2971 507 3008 ο.
526 2953 630 3010 Βεὶελτε
646 2957 651 3024 Ι
668 2953 699 3010 έν
717 2973 772 3010 τισι
810 2997 818 3023 ,
836 2973 892 3009 τισι
910 2953 957 3009 vel
974 2955 1048 3024 τρισὶ
1065 2954 1162 3009 delon-

148 3027 216 3114 dun}
234 3042 303 3112 εεεεἱ
312 3043 386 3095 susp.
405 3025 549 3096 Kiessling
608 3026 767 3113 8μέγεδρς
785 3027 808 3080 Β
827 3024 958 3096 μέγιστον
976 3026 1002 3080 R
1060 3021 1164 3086 θεοὺς

149 3114 374 3223 ᾗαίλίὲἶῖῶ
390 3097 627 3224 ὑίὺἶῗὲἲὲιιι
641 3103 688 3221 13²2
715 3095 1162 3237 α”ἓῗίλῖὑιῗόίὺίζίέῗὲεῗ

148 3237 246 3309 ἰκρίων
261 3239 286 3292 Α
301 3242 306 3308 1
322 3238 416 3294 δοκῶν
429 3239 452 3292 Β
466 3236 597 3294 δονάκων
611 3239 649 3306 A3
668 3239 788 3294 fortasse
807 3233 1161 3304 ἰκρίων-δωδεκαπόδων

149 3309 326 3365 scribendum
353 3326 413 3366 εεεε
437 3326 511 3380 susp.
536 3309 564 3365 0.
589 3308 672 3366 Peter
694 3309 798 3365 Philol.
823 3309 940 3366 XXXIII
963 3329 991 3380 p.
1016 3315 1081 3378 572,
1105 3325 1161 3376 quo

149 3384 263 3468 ααοδροθ
286 3381 373 3507 νὸτὶια
395 3379 556 3452 interpunxi
572 3383 576 3450 Ι
593 3375 791 3452 ὑποκειμένων
816 3382 917 3437 Portus
944 3385 974 3436 et
995 3379 1078 3434 Peter
1101 3375 1161 3434 έπι-

147 3471 286 3522 κειμενων
