2682 3982
619 209 783 262 ..Β-

160 371 298 438 3ταῦτα
322 366 506 455 ὀμόσαντες
528 369 585 436 καὶ
606 365 743 456 βωμοὺς
766 367 818 436 ἐπὶ
841 380 912 448 τοῖς
934 363 1048 455 ὅρκοις
1071 366 1210 454 ἱδρυσά-

196 501 292 562 μενοι
311 473 393 544 κατδι
413 477 518 562 μέσην
537 474 680 562 μάλιστα
697 472 760 562 τὴν
778 475 991 562 καλουμένην
1011 471 1106 561 ίερόιν
1126 471 1210 542 ὁδὸν

197 581 497 669 συνεκεράσθησαν
520 579 686 668 ἀλλήλοις.
727 581 843 648 καλοί
863 581 924 668 μὲν
948 579 1046 649 άλλοι
1068 578 1127 660 τάς
1151 585 1210 648 δυ-

196 675 313 777 νάμεις
334 687 562 775 ἀναλαβόντες
584 686 746 776 ἡγεμόνες
773 685 904 775 άπῆγον
932 685 982 756 ἐπ’
1008 697 1119 775 οἴκου,
1147 688 1210 756 Τά-

157 821 169 862 5
197 823 268 876 τιος
291 795 328 864 δὲ
353 794 370 864 ὁ
394 794 551 883 βασιλεὺς
572 797 629 864 καὶ
652 793 717 863 σὺν
740 792 829 886 αὐτῷ
853 809 942 882 τρεῖς
964 793 1087 884 ἄνδρες
1107 805 1210 864 οίκων

195 909 263 972 τῶν
297 901 575 992 διαφανεστάτων
606 899 791 989 ὑπέμειναν
824 905 861 970 έν
886 899 996 991 Ῥοίμη
1028 903 1084 970 καὶ
1113 901 1210 991 τιμδις

197 1017 312 1098 ἔσχον,
334 1007 375 1090 δὶς
397 1007 435 1078 τὸ
459 1007 516 1078 ἀπ’
538 1007 652 1077 αὐτόν
676 1011 861 1096 ἐκαρποῦτο
884 1010 996 1094 γένος,
1017 1007 1210 1090 Οὐόλοσσος

199 1117 382 1206 Οὐαλέριος
399 1117 455 1184 καλ
478 1115 604 1195 Τάλλος
627 1115 810 1204 Τυράννως
830 1119 1003 1202 ἐπίκλησιν
1023 1117 1080 1184 καὶ
1095 1121 1210 1186 ’τἐλεν-

196 1239 289 1304 ταΐος
302 1227 448 1304 Μέττιος
460 1223 641 1314 Κούρτιος,
657 1219 678 1292 ό
698 1222 760 1310 τὴν
779 1228 903 1312 λίμνην
917 1222 982 1292 σὺν
1000 1223 1070 1304 τοίς
1089 1221 1267 1304 όπλοις334

157 1355 183 1396 ιο
199 1331 457 1418 διανηξάμενος,
495 1325 545 1410 οἷς
576 1331 781 1418 παρέμειναν
820 1333 949 1420 ἑταῖροί
977 1357 1012 1400 τε
1043 1331 1099 1398 καὶ
1132 1351 1211 1418 συγ-

195 1452 304 1525 γενεῖς
339 1439 396 1506 καὶ
431 1437 589 1525 πελάται,
629 1441 698 1506 τῶν
736 1439 925 1524 ἐπιχωρίων
961 1435 1112 1524 άριδμδν
1149 1437 1212 1506 οὐκ

198 1544 362 1625 ἐλάττους.

287 1652 486 1720 XXXXVII.
532 1649 781 1719 Καταστάντων
824 1651 862 1718 δὲ
902 1653 970 1719 τῶν
1006 1651 1211 1739 πραγμάτων

198 1759 290 1840 ἔδοξε
322 1774 392 1838 τοῖς
423 1761 635 1844 βασιλεῦσιν,
669 1755 782 1844 ἐπειδὴ
814 1755 944 1844 πολλὴν
978 1761 1131 1826 ἐπίδοσιν
1164 1764 1212 1838 είς

157 1887 183 1930 15
198 1863 311 1952 όχλου
328 1869 461 1952 πλῆθος
487 1862 508 1951 ἡ
536 1863 633 1944 πόλις
660 1863 806 1951 εἰλήφει,
835 1863 1013 1932 διπλάσιον
1043 1867 1105 1934 τοῦ
1130 1889 1212 1953 προ-

196 1973 297 2058 τέρου
324 1975 462 2058 ποιῆσαι
490 1969 550 2040 τὸν
578 1974 647 2038 τῶν
674 1975 858 2058 πατρικίων
887 1969 1038 2059 άριδμὸν
1068 1991 1212 2056 προσκα-
1325 1967 1326 1974 ¹

197 2079 398 2159 ταλέξαντας
430 2077 494 2146 σὺν
525 2091 596 2156 τοῖς
627 2077 903 2164 ἐπιφανεστάτοις
940 2087 1045 2157 οίκοις
1077 2081 1112 2146 ἐκ
1144 2083 1212 2147 τῶν

197 2183 342 2273 ὕστερον
380 2183 630 2270 ἐποικησάντων
669 2193 763 2264 ίσους
798 2199 869 2264 τοῖς
903 2187 1093 2274 προτέροις,
1130 2211 1212 2252 νεω-

197 2295 315 2378 τέρους
343 2287 402 2370 οὓς
430 2289 590 2359 ἐκάλεσαν
623 2295 831 2378 πατρικίους·
868 2291 901 2374 ἐξ
930 2283 979 2359 τόν
1007 2289 1125 2360 ἑκατὸν
1152 2291 1212 2360 άν-

159 2421 186 2462 ιο
201 2401 299 2486 δρας,
328 2394 387 2476 οὓς
414 2401 451 2464 αλ
477 2401 623 2485 φρᾶτραι
650 2403 941 2486 προεχειρίσαντο,
967 2412 1039 2478 τοῖς
1060 2397 1213 2486 ἄρχαίοις

158 2503 179 2566 2
198 2511 396 2592 βουλευταῖς
418 2505 667 2591 προσέγραψαν.
713 2505 789 2591 περί
812 2504 874 2592 μὲν
903 2497 966 2573 οὖν
988 2505 1118 2574 τούτων
1142 2503 1211 2574 όλί-

198 2639 262 2698 γου
286 2615 359 2678 δεῖν
382 2609 504 2690 πάντες
527 2613 562 2678 οί
579 2609 832 2698 συγγράψαντες
853 2610 912 2692 τάς
925 2609 1108 2700 Ῥωμαϊκὰς
1126 2616 1211 2681 ίστο-

199 2723 274 2806 ρίας
297 2715 621 2804 συμπεφωνήκασιν,
645 2713 755 2802 ὀληυι
779 2720 820 2788 δέ
839 2745 929 2798 τινες
952 2721 1029 2806 περὶ
1050 2721 1112 2789 τοῦ
1130 2717 1212 2806 πλη-

272 2943 355 3004 Ιέπλ
372 2954 431 3010 τοῖς
450 2941 583 3059 όροιςο.ω
579 2948 682 3004 Reiske
747 2949 890 3012 4τιτοςΒ
959 2945 1044 3006 ’ίέπῖ
1057 2945 1210 3024 αότῶνΒΙ

199 3051 351 3129 βονλοσσὸς
374 3055 397 3110 Ο
479 3063 495 3111 8
514 3051 598 3118 ταλος
616 3055 669 3142 ΑΙ
693 3051 856 3146 τόραυνος
857 3055 879 3110 0
904 3075 973 3112 corr
991 3055 1151 3113 Perizonius
1173 3057 1212 3112 οδ

198 3128 258 3182 Ael.
274 3126 307 3182 V.
322 3127 357 3182 Η
371 3145 397 3197 p.
416 3133 467 3182 469
541 3133 556 3180 9
576 3122 715 3212 μεττόςΑ
789 3125 856 3181 10“
841 3147 932 3198 ετεροι
950 3124 1058 3183 BaR
1043 3135 1121 3196 εταῖρ
1123 3148 1150 3182 οι
1163 3128 1211 3182 Bb

200 3205 232 3253 12
253 3193 385 3261 ἐλάττους
405 3193 545 3253 έκατόνΒ
606 3205 637 3252 17
658 3193 711 3251 τόν
725 3198 779 3254 del.
791 3197 965 3254 GarrerObs
985 3206 1042 3269 p.9
1096 3205 1129 3253 18
1144 3219 1210 3268 προ

198 3270 298 3338 τέροις,
317 3267 472 3360 νεωτέρους
490 3289 541 3330 ους
561 3264 699 3324 ἐκάλεσαν
721 3271 904 3356 πατρικίους
909 3270 956 3325 vel
978 3269 1126 3358 προτέροις
1143 3290 1211 3324 νεω-

198 3339 305 3411 τέρους,
325 3361 376 3403 ους
396 3335 542 3408 ἐκάλεσαν,
561 3343 726 3408 πατρικίους
745 3341 853 3396 Grimm
879 3335 928 3404 οὓς
946 3342 995 3396 καὶ
1019 3337 1125 3404 αὐτοὺς
1144 3337 1211 3396 ἐκοί-

197 3415 283 3466 λεσαν
310 3431 339 3466 π,
369 3411 491 3482 Sylburg
572 3417 607 3466 20
634 3415 866 3482 προυχειρίσαντο
893 3412 991 3468 malim
1069 3419 1101 3468 21
1125 3431 1211 3482 προσ-

200 3481 326 3552 έγραψεν
345 3483 391 3536 Ba
463 3489 497 3537 22
517 3485 566 3536 δεῖ
580 3483 625 3536 Ba
