2682 3982
578 259 612 270 -
650 233 677 283 r
711 261 744 270 -
1088 181 1166 294 ἐον

152 381 251 470 οὗτος
277 387 297 458 6
324 387 412 476 ἀνήρ
439 387 587 468 πολλούς
619 390 858 475 συνδιενέγκας
885 385 1043 481 Ῥωμύλῳ
1070 392 1167 459 πολέ-

151 523 236 584 μους
265 497 322 564 καὶ
355 495 481 584 μεχάλα
515 500 595 582 ἔργα
627 493 889 584 ἀποδειξάμενος
921 498 958 564 ἐν
985 509 1058 575 ταίς
1084 495 1168 583 πρὸς

149 607 324 690 Σαβίνους
345 602 480 691 μάχαις,
504 600 715 690 ἀποθνήσκει
737 601 930 672 καταλιπὼν
947 603 1086 671 παιδίον
1110 613 1167 690 μο·’

129 709 286 797 -νοχενδς
320 711 377 778 καὶ
412 709 576 779 θάπτεται
616 706 701 797 πρὸς
735 713 805 778 τάν
841 709 1008 796 βασιλέων
1046 711 1085 778 ἐν
1120 713 1166 802 τῷ

149 822 313 908 κρατίστῳ
349 819 407 904 τής
448 815 574 905 ἀγοράς
609 815 701 907 τόπῳ
743 815 866 904 στήλης
902 817 1070 905 ἐπιγραφή
1104 813 1194 904 τήνι

98 921 279 1012 λοσάρετήν
297 923 534 1014 μαρτυρούσης
557 920 723 1006 ἀξιωθείς.
763 925 800 992 έκ
821 922 860 992 δὲ
881 925 943 992 τού
961 925 1168 1010 μονογενοῦς
1187 927 1207 990 3
1265 969 1269 976 -

151 1023 272 1111 παιδός
304 1035 352 1111 είς
383 1027 511 1118 ἀνδρας
548 1028 758 1118 ἀφικομένου
788 1031 845 1098 καὶ
877 1029 987 1118 χάμον
1019 1031 1166 1117 ἐπιφανῆ

151 1125 316 1225 λαβόντος
346 1135 421 1218 υίδς
452 1142 580 1225 γίνεται
617 1135 745 1218 Τύλλος
775 1135 937 1218 Ὁστίλιος
968 1133 1055 1224 ἀνὴρ
1088 1140 1167 1225 δρα-

134 1233 302 1332 1στήριος,
331 1239 368 1325 ὃς
403 1241 587 1333 ἀπεδείχθη
620 1241 778 1331 βασιλεύς
814 1243 917 1334 ψήφφ
948 1269 984 1312 τε
1014 1245 1166 1331 πολιτικῇ

101 1375 105 1383 ·
152 1353 365 1439 διενεχθείσῃ
392 1351 469 1436 περὶ
496 1348 601 1432 αὐτού
627 1348 711 1420 κατὰ
733 1349 861 1438 νόμους
888 1350 1028 1418 καὶτοῦ
1052 1353 1209 1437 δαιμο-ιο

151 1463 231 1525 νίου
250 1454 296 1524 δι’
319 1460 453 1526 οἰωνῶν
473 1461 594 1526 αίσίων
612 1455 882 1544 ἐπικυρώσαντος
899 1454 940 1523 τά
959 1455 1103 1537 δόξαντα
1121 1459 1166 1547 τῷ

154 1560 256 1653 δήμφ.
302 1569 375 1643 ἔτος
397 1563 436 1632 δὲ
459 1555 502 1650 ήν
526 1563 564 1632 έν
587 1554 613 1655 ᾧ
638 1561 700 1649 τὴν
730 1560 915 1650 ἡγεμονίαν
937 1565 1125 1650 παρέλαβεν
1149 1559 1166 1632 ὁ

153 1669 309 1798 δεύτερος
331 1667 485 1749 ἐνιαυτὸς
509 1673 568 1756 τής
592 1669 737 1758 ἑβδόμης
753 1670 810 1738 καὶ
833 1673 983 1756 εἰκοστῆς
1006 1667 1167 1756 ὀλυμπιά-

129 1795 131 1801 ’
154 1773 266 1863 δος,“
246 1803 290 1864 ην
310 1779 403 1846 ένίκα
423 1775 563 1844 στάδιον
583 1773 783 1863 Εὐρυβάτης
802 1773 1026 1862 'Amantius'
1005 1802 1168 1864 αρχοντος

115 1941 118 1948 ,
150 1880 362 1970 <Ἀδήνησι>
379 1883 609 1971 Λεωστράτου.
651 1872 750 1962 οὗτος
768 1878 909 2013 ἔργον*
892 1879 1052 1950 απάντων
1071 1908 1207 1984 μεχα-15
1186 1857 1208 1920 4

151 1989 419 2078 λοπρεπέστατον
451 1985 713 2076 ἀποδειξάμενος
749 1986 850 2067 αὐτὸς
885 1971 1044 2068 εάδδς”
1022 2015 1090 2076 αμα
1121 1993 1167 2082 τῷ

151 2101 358 2186 παραλαβεῖν
384 2094 448 2183 τήν
476 2092 586 2183 ἀρχήν
613 2093 704 2164 ἀπαν
730 2093 768 2164 τὸ
796 2092 940 2182 θητικὸν
967 2099 1029 2164 τοῦ
1057 2095 1169 2182 δήμου

151 2201 247 2272 ταδ’
226 2227 356 2290 απορον
373 2194 679 2290 οίκείον.ἔσχεν.’
658 2229 702 2289 ην
717 2201 756 2270 δέ
771 2201 921 2271 τοιόνδε·
943 2197 1057 2291 χώραν
1076 2200 1168 2290 είχον

151 2311 320 2397 ἐξαίρετον
344 2312 380 2377 oc
399 2307 464 2398 πρὸ
477 2307 593 2378 ἀὐτοῦ
617 2315 766 2395 βασιλεῖς
788 2308 918 2397 πολλὴν
940 2309 997 2376 καὶ
1019 2308 1168 2396 ἀγαθήν,

151 2418 184 2498 ἐξ
202 2408 243 2503 ής
260 2414 501 2505 ἀναιρούμενοι
518 2414 578 2496 τὰς
588 2415 780 2504 προσόδους
798 2414 871 2504 ίερά
889 2442 924 2486 τε
942 2425 1038 2496 δεοίς
1056 2418 1162 2484 έπετέ·
1177 2450 1204 2490 νο

149 2532 235 2592 λουν
257 2522 395 2603 καὶτὰς
416 2527 464 2604 είς
485 2520 545 2591 τὸν
568 2526 658 2592 ἴδιον
684 2525 762 2609 βίον
789 2522 970 2612 ἀφθόνους
992 2521 1085 2610 εἶχον
1109 2521 1163 2591 εύ-

113 2671 115 2676 -
148 2635 283 2718 πυρίας,
310 2626 354 2717 ήν
377 2629 536 2717 ἐκτήσατο
559 2628 621 2718 μὲν
639 2627 807 2718 Ῥωμύλος
830 2631 963 2722 πολέμφ
986 2629 1066 2710 τούς
1088 2628 1166 2698 τότε

17 2820 22 2828 Ι
147 2735 374 2824 κατασχόντας
399 2734 623 2825 ἀφελόμενος,
645 2739 778 2806 ἐκείνου
801 2737 839 2806 δὲ
864 2736 1007 2817 ἀπαιδος
1029 2735 1159 2805 ἀποδα-

99 2865 102 2871 ·
148 2842 270 2924 νόντος
296 2848 486 2930 Πομπίλιος
514 2843 633 2931 Νόμας
660 2841 679 2912 6
707 2843 777 2932 μετ’
803 2847 933 2920 ἐκεῖνον
959 2842 1161 2930 βασιλεύσας

150 2950 349 3038 ἐκαρποῦτο·
383 2941 427 3036 ἦν
455 2948 493 3018 δὲ
521 2948 631 3019 οὐκέτι
660 2954 806 3039 δημοσία
832 2954 961 3037 κτήσις,
984 2947 1070 3016 ἀλλὰ
1093 2952 1163 3016 τῶν
1179 2980 1205 3020 ετ

97 3054 210 3126 ίοτάεδ
228 3047 395 3143 βασιλέων
413 3060 545 3145 κλῆρος.
585 3056 711 3144 ταύτην
730 3055 748 3125 6
779 3056 906 3136 Τύλλος
924 3058 1080 3144 ἐπέτρεψε
1097 3062 1207 3135 τολςὸ

223 3291 238 3342 8
259 3282 394 3350 δστίλλιος
411 3288 464 3342 ΑΒ
544 3293 577 3342 10
600 3287 761 3373 δενεχδελς
779 3288 804 3341 Α
883 3291 916 3341 15
938 3280 1068 3356 Ἀθήνησι
1087 3285 1167 3342 addi.

152 3357 349 3429 dibffiessh'ng
365 3361 370 3428 Ι
386 3355 611 3428 λεοστράτουΒΙ
628 3355 781 3414 πάντωυΟ
860 3363 893 3413 16
906 3355 1167 3444 μεγαλοπρεπέστα-

151 3451 201 3486 τον
219 3431 242 3486 Β
261 3429 490 3500 μεχαλοπρεπεοτ
491 3449 557 3501 ερον
540 3363 907 3499 νΒΙΙέπιδειξάμενοςΒΒ
980 3434 1048 3482 λετ
1033 3424 1096 3484 τότε
1112 3429 1166 3485 del

152 3501 321 3558 Cobetobs.
335 3521 363 3573 p.
379 3506 413 3556 55
479 3507 514 3556 24
534 3498 645 3558 ἐκείνου
664 3502 688 3556 Δ
709 3496 786 3556 έκείν
770 3521 828 3555 ννω
812 3501 893 3555 νΒα
946 3506 981 3555 26
999 3520 1033 3554 τυ
1026 3498 1168 3564 ‘masfla
