2670 3984
537 239 701 293 -ε-
1061 223 1123 303 1'59

113 398 188 468 οὑτε
211 398 375 489 άρχεσθαι
394 395 586 485 ἀναίνομαι.
622 401 729 485 τιμῶν
751 401 800 486 δέ,
818 395 859 480 ἀς
875 425 934 486 μοι
956 397 1124 487 προσεθή-

104 532 187 594 κατε
214 503 364 594 ἡγεμόνα
392 531 432 594 με
458 509 594 595 πρῶτον
622 503 855 588 ἀποδείξαντες
879 509 938 592 τῆς
960 503 1124 590 ἀποικίας,

113 617 220 681 ἔπειτα
242 614 299 681 καὶ
322 617 361 702 τή
384 612 479 682 πόλει
504 611 566 700 τήν
590 615 786 700 ἐπωνυμίαν
814 609 864 681 ἐπ’
889 613 973 700 ἐμοῦ
995 611 1124 698 θέντες,

110 716 183 800 ἀλις
206 724 279 807 ἔχω.
324 719 446 800 ταύτας
473 719 538 808 γὰρ
567 717 644 789 οὑτε
671 719 815 807 πόλεμος
843 717 1024 808 ὑπερόριος
1044 717 1125 788 οὑτε

66 843 68 850 “
115 824 225 905 στάσις
247 824 410 914 ἐμφύλιος
429 824 505 894 οὔτε
525 823 542 894 ὁ
562 824 670 894 πάντα
689 831 865 913 μαραίνων
882 824 923 894 τά
945 823 1030 895 καλά
1048 824 1125 913 χρό-
1151 851 1165 894 σ

114 957 170 1011 νος
192 929 419 1019 ἀφαιρήσεταί
433 957 475 1019 με
500 929 577 1000 οὑτε
599 929 683 1018 άλλη
706 930 789 1020 τὺηη
808 935 1007 1018 παλίγκοτος
1030 927 1125 1000 οὑδε·

114 1043 183 1124 μία·
215 1035 302 1106 ἀλλὰ
328 1038 384 1106 καὶ
408 1041 505 1120 ζῶντι
532 1035 671 1106 καὶτὸν
698 1042 775 1124 βίον
805 1037 972 1107 ἐκλιπόντι
995 1037 1126 1108 τούτων

112 1141 249 1234 ὑπάρξει
272 1171 330 1231 μοι
347 1149 417 1214 τῶν
434 1149 541 1232 τιμῶν
563 1144 652 1234 παρὰ
671 1144 780 1213 πάντα
798 1141 859 1215 τόν
870 1143 999 1215 ’λοιπὸν
1017 1149 1125 1215 αίῶνα

110 1249 296 1339 τυγχάνειν.

196 1359 275 1426 ΠΠ.
321 1362 468 1426 Τοιαῦτα
496 1357 558 1446 μὲν
586 1355 797 1446 ὑῬωμὺλος
828 1359 864 1426 ἐκ
892 1361 1033 1446 διδαχῆς
1062 1361 1125 1428 τοὺ
1140 1383 1166 1424 ιο

114 1462 377 1552 μητροπάτορος,
405 1461 517 1553 ῶσπερ
541 1469 643 1552 ἔφην,
671 1463 974 1553 ἀπομνημονεύσας
997 1466 1127 1546 ἐντοῖς

113 1569 278 1658 πλήθεσιν
310 1573 428 1653 ἔλεξεν.
484 1575 521 1639 υί
550 1571 587 1640 δέ
619 1571 887 1660 βουλευσόμενοι
923 1571 1005 1640 κατὰ
1038 1575 1126 1659 σφᾶς

67 1673 237 1758 εεααὺτοὺς
269 1679 510 1765 ἀποκρίνονται
546 1677 674 1747 τοιάδε·
712 1675 825 1767 Ἡμεῖς
861 1684 1027 1758 πολιτείας
1063 1678 1126 1766 μὲν

114 1787 229 1871 καινῆς
261 1781 364 1852 οὐδὲν
402 1782 567 1872 δεόμεθα,
602 1781 665 1872 τήν
701 1783 734 1853 δ’
764 1783 829 1853 ὑπὸ
867 1789 936 1853 τῶν
972 1786 1125 1872 πατέρων

115 1891 378 1978 δοκιμασθεῖσαν
407 1889 494 1960 είναι
522 1897 702 1980 κρατίστην
728 1891 979 1980 παραλαβόντες
1004 1889 1046 1960 οὐ
1070 1917 1125 1978 με·
1139 1912 1166 1956 ω

114 1998 317 2084 τατιθίμεθα
353 1999 470 2087 γνῶμη
510 2025 546 2066 τε
587 1998 745 2087 ἑπόμενοι
781 2002 849 2067 τῶν
884 1999 1125 2084 παλαιοτέρων,

115 2099 171 2182 οὑς
202 2100 269 2173 ἀπὸ
303 2110 455 2191 μείζονος
488 2104 632 2194 οίόμεθα
663 2104 862 2194 φρονήσεως
893 2102 998 2191 αὑτήν
1029 2127 1126 2170 κατα·

116 2209 313 2296 στήσασθαι,
332 2211 389 2279 καὶ
408 2210 491 2301 τάχη
511 2210 739 2301 ἀρεσκόμενοι.
780 2210 822 2281 οὑ
840 2210 905 2301 γάρ
925 2211 1028 2298 τήνδε
1046 2236 1126 2297 μεμ-

115 2314 251 2403 ψαίμεθ’
278 2313 322 2384 ἀν
346 2317 491 2404 είκότως,
514 2313 536 2406 ή
559 2319 723 2406 παρέσχεν
748 2316 831 2407 ήμϊν
852 2318 1127 2406 βασιλευομένοις

114 2418 152 2488 τά
179 2425 317 2510 μέγιστα
347 2427 416 2492 τῶν
448 2427 485 2494 ἐν
516 2422 711 2513 ἀνθρώποις
742 2423 896 2512 ἀγαθῶν,
928 2427 1126 2512 ἐλευθερίαν
1140 2445 1167 2486 ιο

114 2553 146 2594 τε
172 2530 228 2597 καὶ
256 2527 371 2598 ἀλλων
399 2527 516 2621 ἀρχήν.
565 2531 641 2619 περὶ
669 2531 730 2617 μὲν
758 2528 801 2619 δή
828 2535 995 2611 πολιτείας
1023 2534 1165 2600 ταῦτα2

116 2634 317 2724 ἐγνώκαμεν·
340 2635 402 2724 τήν
421 2637 459 2706 δὲ
481 2636 581 2725 τιμήν
601 2637 727 2724 ταύτην
747 2637 809 2725 οὐχ
833 2639 931 2730 ἑτέρω
955 2637 1023 2706 τινὶ
1046 2641 1125 2724 μᾶλ-

116 2747 173 2808 λον
196 2737 216 2829 ή
241 2743 298 2811 σοὶ
320 2743 502 2833 προσήκειν
520 2742 804 2832 ὑπολαμβάνομεν
821 2747 884 2814 τοὺ
900 2771 936 2814 τε
954 2749 1127 2831 βασιλείου

115 2847 232 2932 γόνους
256 2852 353 2917 ἕνεκα
370 2851 426 2918 καὶ
449 2849 578 2940 ἀρετῆς,
600 2850 742 2938 μάλιστα
766 2848 799 2918 δ’
821 2849 873 2919 ὅτι
891 2855 950 2938 τής
972 2848 1128 2930 ἀποικίας

116 2949 251 3042 ἡγεμόνι
279 2954 472 3044 κεχρήμεθά
500 2978 555 3025 σοι
585 2957 642 3026 καὶ
668 2955 798 3044 πολλὴν
825 2962 988 3045 συνίσμεν
1017 2956 1126 3024 δεινό-
1140 2993 1166 3035 ςς

116 3085 204 3146 τητα,
227 3060 356 3149 πολλήν
381 3063 419 3131 δέ
442 3069 579 3151 σοφίαν,
603 3062 644 3132 οὑ
663 3063 752 3154 λόγῳ
772 3067 901 3151 μᾶλλον
921 3059 941 3150 ἢ
962 3067 1047 3152 ἔργω
1066 3089 1126 3148 μα-

115 3165 242 3248 θόντες.
286 3172 391 3238 ταῦτα
416 3167 433 3238 ὁ
453 3168 623 3257 Ῥωμύλος
645 3169 795 3250 αἰιοὺσας
818 3168 953 3256 ἀγαπῶν
975 3167 1037 3270 μὲν
1061 3172 1125 3255 ἐφη

186 3368 201 3416 2
221 3381 254 3432 με
273 3363 376 3420 Reiske
395 3362 485 3434 μὺνΟ
542 3370 575 3422 1⁶
594 3361 787 3438 ὑπολαβόντες
801 3381 824 3420 ο.
839 3363 982 3432 Kiessling
1037 3369 1069 3417 17
1090 3359 1127 3426 ὑς

118 3425 226 3571 ἑγεδνῖ
242 3436 247 3504 Ι
271 3432 502 3510 καταστήσεσθαι
526 3437 548 3491 O
612 3443 647 3492 25
666 3433 771 3504 πολλὴν
790 3433 843 3506 μὲν
862 3451 884 3488 ο.
905 3433 1013 3489 Grimm
1029 3435 1034 3503 Ι
1051 3436 1126 3490 συνί-
