2660 3986
557 245 724 296 ..1¹-

131 427 163 470 τι
190 401 438 488 καταλαμβάνει
466 399 545 481 τοὺς
567 399 751 488 Ῥωμαίους
780 402 837 470 καί
867 399 977 491 ὥσπερ
1007 399 1148 489 ἀκμῆτες

133 511 180 586 είς
201 506 392 594 κάμνοντας
421 505 590 595 ὠσάμενοι
618 511 786 576 διασπῶσι
813 505 871 588 τὰς
898 507 1007 590 τάξεις
1034 505 1147 577 αὐτόν

132 615 208 701 περὶ
232 617 347 701 δείλην
372 612 475 696 ὀψίαν
498 613 563 701 ῆίη
591 614 648 682 καὶ
670 613 896 700 ἀναγκάζουσι
918 613 998 694 τοὺς
1020 638 1148 703 πρωτο·

132 720 252 800 στάτας
275 719 372 807 άρξαι
396 725 520 808 φυγῆς,
544 719 840 808 ἀκολουθήσαντές
864 747 901 790 τε
929 719 1044 800 αὐτοῖς
1067 719 1147 807 φεύ·

132 846 253 914 νουσιν
277 829 330 896 ἐπὶ
352 826 413 896 τὸν
441 827 569 914 χάρακα
596 829 652 916 καί
681 829 757 914 περὶ
780 826 838 908 τὰς
860 827 1012 915 τάφρους
1033 829 1174 918 πολλςότ

131 939 289 1014 πλείονας
333 933 594 1020 καταβαλόντες,
637 931 712 1002 οὐδ’
758 932 864 1014 οὕτως
906 932 1147 1021 ἀπετράποντο,

131 1037 216 1108 ἀλλὰ
248 1045 513 1129 παραμείναντες
543 1038 606 1127 τῆν
643 1042 806 1110 ἐπιοῦσαν
843 1039 950 1110 νύκτα
980 1041 1037 1108 καὶ
1068 1037 1148 1119 τοὺς

131 1143 196 1214 άπὸ
219 1149 281 1214 τοῦ
304 1145 467 1234 έρύματος
490 1146 701 1234 μαχομένους
724 1145 936 1236 ἀνείρξαντες
960 1145 1147 1234 ἐκράτησαν

130 1255 189 1339 τῆς
211 1256 432 1340 παρεμβολῆς.
479 1249 560 1339 μετά
584 1252 621 1320 δὲ
639 1255 740 1323 τούτο
759 1251 796 1321 τὸ
822 1257 930 1342 ἔργον·
942 1250 1027 1339 ὅσην
1052 1250 1147 1338 έβού-
1166 1254 1187 1319 6

131 1365 232 1426 λοντο
264 1362 323 1444 τῆς
354 1361 422 1426 τῶν
450 1363 613 1444 Σαβίνων
646 1358 924 1446 λεηλατήσαντες,
958 1357 1002 1438 ὡς
1035 1357 1147 1438 οὐδεὶς
1162 1385 1187 1426 10

133 1461 247 1542 αὐτοῖς
279 1461 389 1532 ούκέτι
424 1464 501 1550 περὶ
538 1467 597 1550 τῆς
632 1462 743 1550 χάρας
780 1463 867 1551 ἐξῄει
904 1465 1148 1552 μαχησόμενος,

76 1566 287 1658 σοεάπῄεσαυ
311 1567 360 1638 ἐπ’
388 1578 494 1638 οίκου.
539 1566 604 1637 ιἰπὸ
632 1568 755 1655 ταύτης
782 1573 841 1656 τῆς
867 1569 974 1658 μάχης
996 1569 1056 1640 τὸν
1079 1577 1148 1659 τρί·

131 1702 193 1744 τον
215 1675 379 1763 κατήγαγε
396 1681 570 1762 θρίαμβον
594 1672 612 1743 ὁ
637 1674 805 1761 βασιλεύς,
828 1677 884 1744 καὶ
908 1675 978 1763 μετ’
997 1675 1038 1744 ού
1060 1676 1148 1746 πολύ

131 1785 437 1870 πρεσβευσαμένοις
468 1796 539 1862 τοῖς
571 1787 735 1868 Σαβίνοις
766 1780 964 1852 καταλύεται
995 1781 1056 1851 τὸν
1088 1782 1148 1852 πό-

132 1897 235 1976 λεμον
259 1888 490 1977 αἰχμαλώτους
516 1914 552 1958 τε
578 1887 657 1974 παρ’
683 1887 795 1958 αὐτῶν
824 1888 1064 1976 κομισάμενος,
1088 1885 1148 1970 οὓς
1162 1914 1187 1956 ιε

132 1994 317 2082 ἐτύγχανον
346 1995 521 2083 είληφότες
544 1998 581 2065 ἐν
607 2009 680 2075 ταῖς
701 2008 903 2085 προνομαῖς,
925 1997 982 2063 καὶ
1005 1992 1148 2084 αύτομό·

99 2150 101 2154 .
132 2109 213 2182 λους
239 2103 463 2190 βοσκημάτων
490 2129 525 2172 τε
551 2103 608 2171 καί
634 2100 824 2188 ὑποζυγίων
851 2103 908 2169 καί
935 2104 1004 2169 τῶν
1035 2100 1147 2170 άλλων

131 2207 310 2296 χρημάτων
335 2207 397 2278 ὅσα
416 2207 495 2290 τοὺς
518 2208 689 2298 γεωργούς
711 2207 903 2296 ἀφείλοντο,
926 2205 970 2295 ῆν
990 2207 1102 2288 ἔταξεν
1126 2205 1147 2296 ῆ

131 2313 239 2401 βουλὴ
268 2317 336 2384 τῶν
355 2312 530 2402 Ῥωμαίων
559 2319 678 2402 ζημίαν
706 2316 913 2402 τιμησαμένη
940 2311 998 2394 τὰς
1021 2313 1148 2400 βλάβας

131 2420 216 2508 πρὸς
239 2421 419 2510 άργύριον,
443 2421 644 2510 ἀναπράξας.
1160 2444 1187 2484 ιο

220 2529 373 2596 XXXIII.
406 2524 479 2596 Ἐπὶ
506 2527 639 2607 τούτοις
666 2526 934 2614 καταλυσάμενοι
961 2525 1021 2595 τὸν
1049 2527 1145 2596 πόλε-

131 2661 196 2721 μον
221 2638 257 2703 οί
277 2640 424 2720 Σαβῖνοι
450 2635 506 2702 καί
533 2637 601 2702 τεόν
626 2631 816 2722 ὁμολογιῶν
845 2633 967 2720 στῆλας
989 2631 1146 2721 άντιγρά-

131 2767 219 2826 φονς
240 2743 359 2820 θέντες
383 2742 419 2808 έν
441 2754 512 2820 τοῖς
536 2743 648 2827 ίεροϊς,
672 2739 785 2827 ἐπειδὴ
805 2742 950 2827 συνέστη
969 2738 1146 2827 Ῥωμαίοις

130 2843 215 2934 πρὸς
237 2844 295 2926 τὰς
313 2851 472 2914 Λατίνων
490 2845 604 2926 πόλεις
626 2851 724 2935 κοινῆ
747 2847 1027 2934 συνηρπαγμένας
1049 2845 1145 2914 πόλε·

130 2977 193 3038 μος
216 2949 256 3020 ού
280 2950 396 3042 ρβὃιος
419 2954 456 3020 ἐν
480 2950 583 3043 ὀλίγῳ
605 2955 856 3038 καθαιρεθῆναι
881 2951 994 3042 χρόνῳ
1018 2949 1079 3040 (δι’
1105 2947 1185 3030 άςεο

202 3153 265 3202 ln
284 3146 306 3202 Ο
325 3165 354 3202 τε
374 3147 523 3234 Kiessling
571 3153 665 3210 4τοῖς
684 3141 841 3216 φεύγουσιν
860 3143 1002 3220 Κὶεεείὶυς
1059 3151 1144 3200 6κα-

129 3215 347 3302 ταβαλόντεςΒ
379 3215 635 3307 καταλαβόντεςλί
716 3225 732 3273 9
756 3214 789 3271 δὲ
813 3234 866 3272 om.
890 3217 913 3270 Β
996 3222 1030 3270 10
1052 3217 1144 3303 τῆςΒ

129 3289 227 3358 γῆνΙί
305 3297 337 3344 11
362 3285 454 3380 χώρας
477 3285 492 3344 ὃ
509 3284 677 3376 μαχόμενος
699 3309 736 3358 ην
759 3287 782 3344 O
807 3288 962 3358 praeterB
1036 3295 1068 3344 12
1087 3282 1141 3341 ἀπ’

10 3425 11 3428 ¹
130 3362 210 3414 οἴκου
229 3361 275 3414 Ba
347 3367 382 3416 20
400 3356 591 3432 άναπράξασα
609 3361 635 3414 A
708 3366 741 3414 23
762 3354 848 3413 έν
811 3380 850 3433 τῳ
870 3360 1028 3429 φερωνείας
1046 3353 1144 3414 νοΙέν

129 3431 167 3503 τῷ
187 3427 295 3502 ιερςόο.
314 3432 452 3488 Bucheler
533 3438 568 3486 24
590 3429 827 3518 συνηρπαγμένας
832 3414 874 3484 R
902 3427 1144 3500 συνισταμέναςΒ

132 3485 403 3573 συνηρραγμένοςο.
421 3503 524 3558 Reiske
597 3509 631 3558 25
651 3497 735 3575 ὀλίγῳ
756 3503 809 3558 del.
829 3502 971 3572 Kiessling
