2660 3986
553 231 718 282 -Γ-
1076 227 1140 292 367

128 413 216 474 χειν,
245 390 411 476 ἱκετηρίας
437 383 665 472 ἀναλαβόντες
692 388 836 474 ἐξῆλθον
864 388 900 456 ἐκ
928 389 988 473 τῆς
1014 385 1142 468 πόλεως

127 494 184 562 καὶ
207 495 400 582 παρέδοσαν
424 492 570 574 ἑαυτούς.
617 497 653 562 οἱ
674 494 711 562 δὲ
733 491 796 581 τὴν
818 495 1030 581 καλουμένην
1052 495 1181 562 Koa-2

128 604 247 670 λατίαν
282 604 516 680 κατοικοῦντες
558 599 786 688 ἐπειράθησαν
827 599 889 688 μὲν
930 602 1044 670 ίλθείν
1084 597 1141 667 διὰ

10 741 11 746 ¹
128 705 235 794 μάχης
269 706 356 796 πρὸς
389 706 449 787 τὰς
473 703 646 794 Ῥωμαίων
679 709 841 795 δυνάμεις
875 709 931 775 καὶ
963 711 1141 794 προῆλθον

129 815 190 896 ἔξω
214 818 273 901 τῆς
290 812 429 900 πόλεως,
452 815 490 881 ἐν
512 811 656 895 ἀπάσαις
675 813 713 883 δὲ
735 828 807 894 ταῖς
825 823 1031 902 συμπλοκαῖς
1050 817 1168 883 δίαν-ι

10 965 11 1006 η
127 921 286 1009 τοάμενοι
317 921 374 989 καί
410 919 537 1008 πληγάς
572 917 698 1001 πολλάς
734 921 962 1008 λαμβάνοντες
998 918 1142 1008 ἠναγκά-

128 1037 265 1115 σθησαν
291 1027 395 1098 πάλιν
421 1031 469 1108 είς
495 1026 533 1096 τὸ
560 1041 669 1116 τιίχος
694 1042 901 1115 καταφυγεῖν
930 1027 987 1096 καὶ
1010 1029 1142 1116 διεπέμ

127 1161 234 1204 ποντο
260 1133 345 1223 πρὸς
375 1132 433 1215 τὰς
461 1141 619 1203 Λατίνων
650 1133 764 1214 πόλεις
790 1134 983 1222 αἰτούμενοι
1014 1155 1141 1223 συμμα-

128 1247 215 1330 χίαν.
257 1239 302 1322 ἀς
325 1241 363 1310 δὲ
385 1243 575 1329 βραδύτερα
592 1240 633 1310 τά
652 1243 730 1331 παρ’
748 1243 886 1312 ἐντείνων
908 1233 963 1329 ἦν,
983 1243 1038 1310 καλ
1057 1240 1140 1309 κατά

128 1347 235 1418 πολλὰ
263 1349 346 1438 μέρη
374 1352 435 1418 τοῦ
462 1353 592 1436 τείχους
625 1353 660 1420 οί
683 1350 837 1436 πολέμιοι
863 1345 922 1429 τάς
950 1345 1142 1438 προσβολάς
1156 1374 1181 1415 10

74 1475 126 1524 547
134 1458 323 1541 ἐποιοῦντο,
346 1457 560 1541 παραδοῦναι
580 1453 645 1540 τὴν
669 1453 769 1523 πόλιν
787 1451 1053 1542 ἠναγκάσθησαν
1076 1453 1141 1524 σὺν

128 1561 250 1654 χρόνῳ.
292 1559 333 1630 οά
356 1563 471 1649 μέντοι
496 1564 556 1648 τῆς
579 1559 681 1648 αὐτῆς
703 1559 915 1649 μετριότητος
943 1566 1078 1648 ἔτυχον,
1102 1553 1181 1650 ἦςδ

128 1675 354 1756 Νωμεντανοί
372 1693 409 1740 τε
430 1669 487 1736 καὶ
510 1675 815 1756 Κρουστομερῖνοι,
844 1665 917 1736 ἀλλ’
944 1665 1031 1735 ὅπλά
1058 1693 1093 1736 τε
1122 1665 1140 1736 ὅ

128 1774 285 1864 βασιλεὺς
321 1773 475 1864 ἀφείλετο
517 1775 573 1843 καὶ
614 1779 662 1855 είς
702 1773 853 1862 χρήματα
891 1774 1049 1862 ἐζημίωσε
1085 1774 1141 1842 καὶ

129 1881 285 1971 φρουρὰν
307 1883 482 1951 κατέλιπεν
505 1884 542 1951 ἐν
564 1885 605 1972 τῇ
623 1881 719 1950 πόλει
741 1879 804 1968 τὴν
828 1878 949 1968 ἱκανὴν
970 1878 1086 1968 ἀρχειν
1106 1906 1141 1948 τε
1156 1901 1182 1943 1⁵

129 1987 242 2057 αὐτῶν
266 1991 357 2072 ἔταξε
379 1987 441 2076 τὴν
465 1987 708 2058 ἀνυπεύθυνον
735 1985 845 2075 ἀρχὴν
873 1985 929 2055 διά
952 1992 1031 2072 βίον
1058 1993 1142 2075 Ταρ-

128 2095 249 2164 κύνιον
262 2094 430 2186 ’Ἁρροντνι
458 2094 518 2165 τὸν
547 2099 638 2166 ίδιον
666 2093 892 2182 ἀδελφιδοῦν,
916 2089 953 2174 ὃς
976 2093 1058 2182 μετά
1080 2093 1141 2181 τὴν

128 2203 286 2289 τελευτὴν
317 2207 379 2271 τοῦ
410 2229 446 2272 τε
476 2201 601 2291 πατρὸς
617 2201 804 2290 ’Ἄρροντος
828 2201 885 2270 καὶ
911 2204 973 2270 τοῦ
1005 2199 1143 2269 πάππου

129 2309 337 2398 Δημαράτου
363 2309 545 2398 γενόμενος
573 2307 650 2378 οὔτε
679 2313 747 2377 τάν
775 2306 940 2401 πατρῴων
967 2305 1044 2376 οὔτε
1074 2309 1142 2375 τῶν

127 2419 194 2486 τοῦ
220 2415 358 2486 πάππου
389 2415 568 2506 χρημάτων
598 2413 661 2504 τὴν
693 2417 930 2502 προσήκουσαν
963 2412 1140 2503 δκληρονό-
1155 2433 1182 2474 20

129 2544 214 2612 μησε
250 2537 373 2613 μοίραν
408 2524 464 2592 καλ
502 2521 559 2592 διὰ
594 2523 720 2610 ταύτην
751 2520 815 2609 τὴν
852 2525 963 2590 αἰτίαν
992 2518 1143 2608 Ἠγέριος
1174 2541 1175 2546 ’

129 2631 366 2718 ἐπωνομάσθη.
410 2628 489 2711 τοὺς
517 2627 581 2720 γάρ
611 2627 761 2718 ἀπόρους
782 2629 839 2698 καὶ
862 2627 1014 2716 πτωχοὺς
1037 2626 1143 2709 οὕτως

130 2737 331 2826 ὀνομάζουσι
348 2735 514 2826 Ῥωμαῖοι.
561 2739 595 2819 ἐξ
618 2727 660 2805 οὗ
681 2735 719 2804 δὲ
741 2737 907 2822 παρέλαβε
928 2737 991 2823 τὴν
1016 2735 1143 2822 ἐκείνης

128 2847 187 2931 τῆς
213 2845 341 2925 πόλεως
369 2846 556 2933 ἐπιμέλειαν
583 2841 685 2923 αὐτός
711 2869 747 2912 τε
769 2849 979 2921 Κολλατῖνος
1008 2841 1142 2926 ἐκικλή·

127 2959 176 3038 θη
199 2951 256 3020 καί
278 2951 400 3031 πάντες
423 2955 459 3020 οἱ
474 2948 531 3019 ἀπ’
548 2953 680 3020 ἐκείνου
697 2948 883 3036 γενόμενοι.
925 2945 1005 3034 μετὰ
1025 2946 1063 3016 δὲ
1080 2943 1142 3034 τὴν

133 3062 319 3138 Κολλατίας
345 3057 534 3147 παράδοσιν
567 3057 619 3125 ἐπὶ
648 3054 709 3124 τὸν
739 3053 949 3142 καλούμενον
977 3055 1142 3140 Κορνίκο·

1160 2924 1183 2988 4

1157 3009 1183 3051 25

201 3287 427 3358 λυροῆλθενΑ
470 3283 684 3350 ’θιιάσιιιςΒ
760 3276 843 3358 θῆν]
864 3278 934 3354 ἦκιν
958 3299 981 3338 ο.
1001 3282 1144 3352 Kiessliug
1240 3272 1245 3278 ’

131 3364 165 3418 10
184 3355 214 3412 οί
233 3357 364 3430 πολέμιοι
385 3357 409 3413 Β
431 3376 486 3414 om.
504 3361 530 3414 R
602 3365 636 3414 18
656 3351 729 3414 ὅπλα
751 3377 816 3412 τινα
838 3357 885 3412 Bb
959 3361 992 3410 19
1011 3353 1143 3427 δ<η>μα-

129 3425 217 3501 ράτον
235 3431 259 3484 Β
276 3427 442 3500 δαμαράτου
456 3429 482 3483 A
542 3435 575 3484 21
595 3425 708 3501 ἡμέρως
722 3427 775 3482 ΑΒ
840 3434 873 3483 23
900 3420 1143 3497 ἐπονομάζοναιΒ

131 3510 164 3560 26
183 3499 215 3558 τδ
237 3521 261 3558 κ.
281 3502 455 3573 Κορνίκολον
474 3518 498 3557 ο.
519 3501 641 3572 Sylburg
