2682 3982
631 259 797 312 -B-

206 419 267 489 τὸν
287 420 325 488 δὲ
343 417 487 507 ἀγγελον
506 416 784 506 αὐτομολήσαντα
802 415 886 507 πρὸς
904 417 965 488 τὸν
983 417 1135 507 ἡγεμόνα
1152 425 1222 494 τῶν

206 533 369 614 Σαβίνων
392 525 582 616 κατήγορον
605 527 767 616 γενέσθαι
790 529 859 594 τῶν
877 529 936 613 τῆς
958 533 1123 614 Ταρπείας
1141 534 1221 615 βου-

165 634 392 722 2λευμάτων.
439 637 474 702 οί
499 633 537 702 δὲ
565 634 641 719 περὶ
670 630 731 701 τὸν
765 631 898 718 Φάβιόν
926 659 962 702 τε
991 635 1047 704 καλ
1077 641 1222 722 Κίγκιον

207 739 310 810 οὐδὲν
332 745 468 810 τοιοῦτο
491 743 668 828 γεγονέναι
688 741 859 825 λέγουσιν,
882 737 966 808 ἀλλά
989 741 1136 827 φυλάξαι
1158 741 1221 830 τὴν

166 874 179 915 ε
206 847 314 936 κόρην
343 851 619 934 διαβεβαιοῦνται
650 844 710 925 τάς
726 846 904 933 ,περὶτῆς
931 851 1114 934 προδοσίας
1141 869 1224 946 συνῇ

207 953 326 1041 θήκας.
370 951 412 1023 τά
436 952 468 1022 δ’
494 955 568 1040 ἑξῆς
591 951 737 1032 ἅπαντες
765 951 867 1021 πάλιν
896 950 1020 1041 ὁμοίως
1042 954 1221 1043 γράφουσι.

207 1062 290 1148 φασὶ
318 1059 383 1150 γὰρ
412 1059 464 1130 ότι
491 1063 788 1150 παραγενομένου
802 1058 867 1128 σὺν
898 1065 944 1152 τῷ
972 1068 1136 1153 κρατίστῳ
1155 1066 1222 1149 τῆς

208 1171 364 1256 στρατιάς
397 1170 494 1256 μέρει·
521 1171 582 1236 τοῦ
614 1169 779 1254 βασιλέως
810 1171 878 1235 τάν
907 1173 1068 1255 Σαβίνων
1092 1169 1277 1254 φυλάτ-3αο

207 1295 314 1343 τουσα
335 1271 395 1354 τάς
416 1271 613 1362 ὑποσχέσεις
640 1271 662 1360 ἡ
694 1273 841 1360 Τάρπεια
868 1288 939 1354 τοῖς
965 1274 1027 1362 μέν
1050 1282 1222 1364 πολεμίοις

169 1407 196 1446 ιο
209 1379 334 1472 ἀνέῳξε
356 1379 661 1468 τὴνσυγκειμένην
680 1383 816 1466 πυλίδα,
830 1378 908 1460 τοὺς
932 1379 963 1448 δ’
985 1385 1022 1450 έν
1044 1386 1090 1474 τῷ
1109 1389 1220 1475 χωρίῳ

208 1487 361 1575 φύλακας
383 1485 600 1574 ἀναστήσασα
624 1489 809 1574 διαταχέων
831 1486 949 1569 σώζειν
968 1487 1107 1570 ἑαυτοὺς
1124 1489 1241 1577 ἠξίου·

207 1592 287 1662 καθ’
315 1595 428 1682 ἑτέρας
450 1593 589 1676 ἐξόδους
611 1609 690 1674 τοῖς
704 1599 876 1682 πολεμίοις
898 1592 1054 1682 ἀφανεῖς,
1078 1595 1123 1677 ὡς
1136 1597 1220 1667 κατ·

166 1710 186 1774 3
207 1700 355 1788 εχόντων
378 1701 444 1789 ἤδη
472 1705 542 1771 τεόν
565 1707 730 1788 Σαβίνων
757 1699 795 1770 τὸ
820 1701 1001 1790 φρούριον·
1034 1704 1221 1791 διαφυγόν-

204 1834 273 1876 των
303 1808 340 1876 δὲ
367 1807 497 1877 τούτων
525 1805 605 1886 τοὺς
633 1807 695 1894 μὲν
724 1812 898 1893 Σαβίνους
924 1805 1151 1900 ἀνεῳγμένας,
1168 1808 1220 1880 εὑ-

167 1939 192 1980 15
208 1913 331 2002 ρόντας
352 1911 411 1994 τάς
432 1913 540 1993 πύλας
562 1928 740 2000 κατασχεῖν
764 1911 801 1983 τὸ
821 1913 989 2001 φρούριον
1009 1921 1141 2004 ἔρημον.
1152 1921 1220 1988 τῶν

205 2019 385 2109 φυλάκων,
412 2020 474 2108 τὴν
503 2019 541 2088 δὲ
573 2019 741 2108 Τάρπειαν
771 2018 816 2100 ὡς
842 2019 883 2089 τὰ
908 2020 987 2110 παρ’
1015 2023 1133 2112 ἑαυτῆς
1157 2022 1221 2094 ὅσα

206 2131 370 2198 συνέθετο
406 2130 662 2256 παρεσχημένχν
700 2125 820 2208 ἀξιοῦν
861 2126 940 2208 τοὺς
980 2130 1127 2216 μισθοὺς
1161 2136 1228 2219 τῆς-

204 2239 389 2325 προδοσίας
410 2231 493 2302 κατὰ
515 2231 595 2312 τοὺς
618 2231 741 2318 ὅρκους
764 2232 967 2320 ἀπολαβεῖν.

295 2343 427 2408 XXXX.
454 2339 594 2408 Ἔπειτα
621 2337 768 2407 πάλιν
753 2339 857 2427 ομὲν
880 2347 1017 2410 Πείσων
1045 2344 1129 2430 φησὶ
1150 2349 1219 2414 τῶν

165 2471 191 2511 εο
206 2452 371 2534 Σαβίνων
393 2445 454 2516 τὸν
473 2445 601 2535 χρυσὸν
623 2447 765 2534 ετοίμων
785 2445 895 2515 ὄντων
914 2439 1050 2517 διδόναι
1072 2454 1112 2538 τῇ
1134 2450 1219 2582 κόρχ

203 2550 266 2622 τόν
296 2554 372 2635 περὶ
399 2567 471 2633 τοῖς
498 2552 687 2683 ἀριστεροις
714 2559 869 2663 βραχίοσι
896 2552 958 2642 τὴν
986 2554 1153 2641 Τάρπειαν
1177 2556 1219 2626 οὐ

203 2657 265 2728 τὸν
293 2659 424 2746 κόσμον
452 2657 536 2728 ἀλλὰ
567 2658 646 2740 τοὺς
680 2659 829 2747 θυρεους
856 2659 934 2748 παρ’
960 2660 1073 2730 αὐτων
1103 2668 1219 2734 αίτείν.

209 2770 318 2856 Τατίω
342 2762 380 2832 δὲ
396 2764 513 2854 θυμόν
535 2792 571 2834 τε
594 2771 763 2834 εἰσελθεῖν
787 2767 839 2834 ἐπὶ
862 2795 902 2856 τχ
886 2767 1063 2857 ἐξαπάτῃ
1084 2770 1140 2838 καὶ
1164 2779 1219 2840 λο-

203 2867 326 2960 γισμὸν
340 2874 402 2939 τοῦ
416 2870 460 2960 μὴ
475 2877 667 2960 παραβῆναι
686 2870 744 2953 τάς
763 2869 952 2959 ὁμολογίας.
985 2873 1080 2955 δόξαι
1100 2874 1132 2942 δ’
1154 2869 1218 2946 οὖν

165 3001 191 3043 ει
207 2976 297 3070 αὐτῷ
331 2981 452 3047 δοῦναι
485 2977 547 3068 μέν
579 2977 619 3047 τὰ
651 2977 753 3065 ὅπλα,
786 2977 895 3067 ὥσπερ
928 2976 949 3066 ἡ
979 2995 1056 3060 παῖς
1087 2980 1219 3070 ἠξίωσε,

203 3089 343 3173 ποιῆσαι
367 3083 399 3152 δ’
421 3083 512 3166 ὅπως
535 3084 650 3166 αὐτοῖς
672 3085 778 3174 μηδὲν
800 3091 951 3172 λαβοῦσα
973 3085 1140 3174 χρήσεται,
1162 3091 1220 3159 κάλ
1325 3121 1326 3182 3

98 3249 105 3258 .
203 3189 323 3261 αὐτίκα
357 3192 615 3282 διατεινάμενον
644 3190 689 3272 ὡς
716 3192 859 3282 μάλιστα
886 3193 1001 3281 ίσχόος
1028 3191 1094 3280 εἶχε
1122 3197 1219 3284 ῥίψαι
1325 3195 1326 3234 ³

276 3393 341 3442 3τε
361 3404 415 3442 om.
434 3389 457 3442 B
517 3389 665 3444 4τοιοῦτο
684 3389 707 3443 Β
725 3391 853 3444 τοιοῦτον
871 3391 897 3444 R
956 3388 1003 3444 λέ
1002 3388 1032 3440 ’τι
1051 3389 1075 3442 Α
1095 3384 1218 3516 (ἀγὲτιΒ

204 3464 238 3513 16
264 3479 354 3527 τατερ
357 3453 490 3550 ’ἕαυτῖχς
508 3462 534 3513 A
616 3467 649 3514 1⁷
673 3454 727 3514 ὅσα
746 3460 885 3516 συνέθετο
908 3461 962 3515 del.
986 3459 1109 3516 Reudler
1150 3479 1217 3520 που.
1324 3497 1325 3510 ι

201 3545 229 3603 p
248 3536 282 3584 23
355 3535 389 3584 26
409 3529 519 3600 μηδενα
539 3527 737 3601 ΑΙχρήσηται
756 3533 779 3588 Ο
799 3549 867 3587 corr.
887 3532 1016 3588 Meineke
