2660 3986
596 229 763 279 ..Γ-

172 390 260 472 μίων
293 384 369 455 οὔτε
401 384 502 474 ἀρετῇ
533 386 589 454 καί
617 384 843 471 συμπεσόντες
876 383 1039 471 ἐμάχοντο
1071 393 1184 454 πᾶσαν

173 490 457 580 ἀποδεικνύμενοι
486 491 629 580 τόλμαν,
657 493 720 572 ἕως
746 483 792 578 ἦν
818 489 933 570 αὐτοῖς
959 484 1008 570 εἷς
1034 489 1137 577 μόνος
1165 488 1183 559 ὁ

171 597 256 687 πρὸς
282 598 361 679 τοδς
388 597 686 687 ἀντιτεταγμένους
718 597 821 686 ἀγιόν.
875 603 985 666 ἔπειτα
1017 595 1186 684 μαθόντες

173 704 311 775 ἐπιόντα
334 712 431 794 σφίσι
457 705 540 776 κατὰ
568 706 679 775 νιότον
707 703 851 794 στρατὸν
877 709 1047 792 πολεμίων
1070 705 1185 791 ἕτερον

145 813 211 880 σέν
242 812 334 894 τάξει
364 839 400 881 τε
431 815 487 881 καὶ
517 813 631 904 κόσμφ
667 816 843 899 χωροῦντα
876 810 1114 890 καταλιπόντες
1139 807 1238 878 τάσιε

173 935 294 1008 σημεῖα
311 922 489 1009 τρέπονται
506 919 590 1004 πρὸς
609 920 733 1008 φυγήν.
773 910 862 1006 ἦσαν
881 917 919 986 δὲ
934 915 1108 1005 Ῥωμαίων
1127 915 1186 985 ἀν·

174 1031 252 1115 δρες
270 1029 435 1096 ἐπίλεκτοι
448 1032 542 1108 πεζοί
556 1052 591 1094 τε
609 1027 666 1094 καὶ
680 1029 789 1106 ἱππεῖς
803 1029 839 1094 οί
851 1023 992 1094 κατόπιν
1007 1025 1186 1110 ἐπιφανέν-

173 1159 227 1213 τες
248 1146 319 1213 τοίς
337 1138 516 1220 Σαβίνοις,
545 1129 605 1213 οὓς
627 1131 646 1201 ὁ
674 1132 861 1218 Ταρκύνιος
882 1134 964 1219 <έν>
987 1134 1186 1217 ἐπιτηδείοις

133 1249 156 1314 2
174 1245 311 1328 χωρίοις
334 1237 392 1308 διὰ
409 1237 531 1319 νυκτὸς
554 1238 692 1327 ἐλόχισε.
732 1238 873 1318 τούτους
896 1236 939 1325 δὴ
956 1236 1036 1318 τοὺς
1057 1235 1186 1325 ἀνδρας

133 1372 160 1414 ιο
175 1351 210 1416 οί
225 1353 372 1434 Σαβῖνοι
396 1350 567 1426 δείσαντες
590 1348 625 1415 ἐκ
647 1350 709 1415 τοῦ
727 1344 897 1432 ἀδοκήτου
915 1350 1033 1432 σφίσιν
1054 1345 1186 1430 ἐπιφαι-

174 1455 341 1541 νομένους
382 1450 488 1522 οὐθὲν
530 1457 579 1522 ἔτι
618 1465 779 1539 γενναίου
820 1458 921 1540 ἔργον
957 1449 1186 1536 ἀπεδείξαντο,

174 1559 247 1629 ἀλλ’
269 1557 314 1640 ἀς
335 1561 678 1648 κατεστρατηγημένοι
701 1557 767 1627 ὑπὸ
786 1563 854 1628 τεόν
878 1561 1012 1646 ἐχθράν
1029 1559 1086 1625 καί
1104 1577 1186 1644 συμ

175 1673 265 1759 φορᾷ
292 1666 495 1754 πεπληγότες
526 1665 641 1758 ἀμάχφ
671 1665 787 1749 σιόζειν
816 1663 957 1745 ἑαντοδς
988 1664 1084 1733 ἀλλοι
1110 1661 1183 1732 κατ’

174 1774 278 1854 ἀλλας
310 1772 414 1854 ὁδοὺς
444 1777 642 1860 ἐπειρῶντο,
673 1768 738 1840 κάν
768 1772 883 1863 τούτῳ·
910 1771 1051 1859 μάλιστα
1082 1768 1187 1850 πολὺς

136 1904 162 1945 ιι
176 1879 287 1950 αὐτῶν
311 1880 419 1968 φόνος
442 1882 573 1967 ἐγένετο
598 1881 814 1968 διωκομένων
837 1876 903 1947 ὑπὸ
928 1883 987 1965 τῆς
1004 1875 1187 1965 Ῥωμαϊκῆς

175 1990 280 2056 ἵππου
302 1988 357 2054 καὶ
384 1986 600 2074 πανταχόθεν
627 1985 912 2073 ἀποκλειομένων·
945 1983 1028 2054 ὥστε
1052 1983 1187 2071 ὀλίγους

175 2091 270 2174 τινάς
296 2095 331 2176 ἐξ
364 2092 476 2162 αὐτῶν
503 2096 640 2182 κομιδῇ
658 2095 818 2180 γενέσθαι
849 2090 929 2173 τοὺς
957 2093 1187 2170 διασωθέντας

176 2205 224 2282 είς
246 2199 304 2281 τάς
327 2205 461 2287 ἔγγιστα
483 2199 611 2286 πόλεις,
640 2199 678 2269 τὸ
708 2198 746 2266 δέ
767 2206 885 2268 πλείου
913 2201 1012 2286 μέρος
1035 2196 1118 2267 ὅσον
1142 2195 1186 2285 μὴ

175 2306 258 2376 κατὰ
289 2306 352 2395 την
389 2305 500 2394 μάχην
533 2311 648 2374 ἐπεσεν
684 2303 879 2392 ὑποχείριον
916 2320 986 2386 τοῖς
1012 2302 1188 2393 Ῥωμαίοις

136 2437 163 2478 ιο
176 2417 351 2501 γενέσθαι·
379 2412 460 2484 οὐδὲ
487 2410 552 2502 γάρ
577 2415 612 2481 οί
631 2414 912 2500 καταλειφθέντες
940 2415 1044 2504 ἐντῷ
1068 2411 1188 2499 χάρακι

176 2519 238 2608 τὴν
275 2525 402 2609 ἔφοδον
443 2518 723 2607 ἀποκρούσασθαι
758 2523 826 2588 τῶν
867 2519 1033 2588 ἐπιόντων
1070 2521 1188 2605 σφίσιν

178 2626 374 2716 ἐθάρρησαν
403 2624 477 2696 οὐδ’
508 2631 555 2706 είς
586 2641 706 2714 πεῖραν
738 2619 850 2713 ἦλθον
883 2625 1004 2713 μάχης,
1034 2621 1106 2692 ἀλλ’
1137 2626 1187 2692 ἐκ·

176 2736 400 2822 ταραχθέντες
426 2730 492 2802 ὑπὸ
519 2736 581 2802 τοῦ
607 2731 686 2820 παρ’
717 2735 835 2800 ἐλπίδα
863 2737 969 2801 κακοῦ
995 2733 1188 2819 παρέδοσαν

137 2839 320 2928 δάμαχητί
348 2843 435 2926 σφάς
463 2867 498 2908 τε
528 2837 652 2918 αότοδς
678 2839 733 2906 καί
760 2837 798 2908 τὸ
827 2843 943 2927 ἐρυμα.
993 2841 1030 2905 αί
1055 2837 1118 2925 μέν
1142 2837 1246 2924 δὴοιε

136 2968 162 3010 ω
177 2951 245 3016 τῶν
269 2951 431 3033 Σαβίνων
458 2944 573 3025 πόλεις
600 2942 646 3024 ὡς
670 2946 1015 3033 κατεστρατηγημέναι
1041 2945 1097 3011 καί
1128 2941 1189 3011 οὐκ

176 3051 277 3142 ἀρετῇ
308 3051 370 3140 τὴν
402 3055 502 3138 νίκην
534 3049 749 3140 ἀφῃρημέναι
784 3049 868 3140 πρὸς
902 3055 972 3120 τῶν
1006 3055 1189 3138 πολεμίων,

249 3207 374 3269 θδουι.
394 3214 419 3266 Α
478 3206 750 3280 θαάτοῑςάγοόνΒ
814 3207 954 3280 δπρὸςΒ
974 3207 1057 3274 είςΒ
1119 3204 1189 3264 8ἐν

179 3284 243 3339 αδδ.
262 3283 413 3353 Κίοεεδίος,
433 3282 505 3338 Smit
523 3281 588 3338 Obs.
605 3301 631 3352 p.
648 3290 681 3338 10
753 3288 769 3336 9
790 3277 897 3351 ἐλόχισε
913 3283 958 3336 Βιι
977 3278 1090 3351 ἐλόχησε
1109 3279 1189 3334 ABb

179 3351 320 3424 ἐνελόχισε
340 3353 500 3422 0.Roiske1
518 3349 625 3422 ἐλόχισε
644 3348 693 3407 διά
712 3348 815 3415 νυκτὸς
833 3351 1019 3423 OpraeterB
1070 3357 1103 3406 11
1125 3347 1189 3406 ἐπε-

179 3427 309 3492 δείξαντο
329 3426 375 3480 Bb
431 3431 463 3479 17
483 3425 585 3495 κομιδῇ
605 3422 742 3493 γενέσθαι
760 3425 783 3478 Β
801 3422 939 3492 γενέσθαι
956 3425 1026 3480 κδ
1085 3429 1120 3478 20
1139 3441 1188 3477 κα·

178 3495 379 3565 ταληφθέντας
397 3499 421 3549 Α
495 3501 529 3549 26
548 3491 634 3567 ἀρετῇ
653 3515 709 3550 τινι
727 3497 809 3564 νίκην
828 3496 850 3549 Β
