2698 3982
558 242 725 294 -Α-
1107 244 1148 309 61

134 397 218 469 αάτά
241 403 430 481 καλοῦντες.
466 395 551 467 ἀλλά
573 400 637 488 γάρ
660 403 736 490 περὶ
760 399 822 490 μὲν
844 405 912 472 τῶν
937 407 1071 472 θυσιῶν
1094 405 1149 473 καὶ
1168 407 1191 472 4

134 509 203 576 τάν
226 503 341 575 ἀλλων
356 509 568 597 ἱερουργιῶν,
591 504 631 588 ἀς
653 505 674 596 ἡ
693 506 866 598 Ῥωμαίων
888 508 985 590 πόλις
999 518 1152 580 συντελεῖ

134 614 216 684 κατά
239 641 274 684 τε
297 613 358 684 τὸν
377 612 575 701 Ἑλληνικὸν
598 614 737 684 καὶτὸν
761 615 940 706 έπιχάριον
963 617 1089 703 τρόπον
1113 622 1150 688 έν

2 772 4 828 ,
138 721 238 813 ἑτέρῳ
262 718 351 813 λόγῳ
376 721 589 810 δηλώσομεν,
617 721 769 792 ἀπαιτεῖν
793 723 830 792 δὲ
854 722 872 792 ὁ
896 722 1012 814 παρὼν
1034 724 1151 814 καιρὸς

82 847 117 897 98
138 833 223 896 ἔοικε
255 829 310 896 καὶ
342 830 418 917 περὶ
449 833 507 916 τῆς
529 827 732 918 Ἡρακλέους
763 828 906 919 ἀφίξεως
934 838 981 914 είς
1006 829 1177 902 Ἰταλίανε

136 933 205 1024 μετ’
241 933 441 1016 ἐπιστάσεως
472 941 628 1016 πλείονος
662 941 812 1006 διελθεῖν
841 939 897 1006 καί
925 948 959 1008 εί
981 967 1014 1009 τι
1046 939 1151 1026 λόγου

135 1040 234 1124 ἀξιον
258 1045 399 1130 ἔδρασεν
423 1040 546 1112 αὐτόθι
570 1042 615 1131 μὴ
639 1053 848 1132 παραλιπεῖν.

225 1151 426 1218 XXXVIIII.
439 1147 536 1218 ’Ἐστι
551 1150 589 1218 δὲ
601 1155 669 1220 τῶν
692 1149 776 1240 ὑπὲρ
790 1156 851 1222 τοῦ
867 1157 1028 1240 δαίμονος
1050 1157 1150 1222 τοῦδε

135 1256 329 1344 λεγομένων
360 1254 400 1324 τά
432 1255 494 1344 μέν
526 1256 760 1346 μυθικώτερα,
792 1257 832 1328 τὰ
865 1257 901 1327 δ’
934 1257 1151 1348 ἀληθέστερα.

136 1360 154 1432 ὃ
179 1362 242 1450 μὲν
270 1355 334 1432 οὖν
360 1362 506 1450 μυθικὸς
531 1367 607 1449 περὶ
633 1369 693 1452 τῆς
714 1371 901 1452 παρουσίας
923 1365 1028 1436 αὐτοῦ
1051 1366 1152 1454 λόγος
1166 1391 1191 1431 ιο

136 1459 197 1538 ὧδ’
225 1475 304 1558 ἔχει·
317 1465 373 1550 ,ὥς
397 1468 439 1557 δὴ
461 1471 657 1552 κελευσθεὶς
679 1469 737 1540 ὑπ’
762 1470 970 1562 Εὐρυσθέως
987 1469 1152 1561 Ἡρακλῆς

136 1578 200 1646 σὺν
228 1591 299 1656 τοῖς
331 1574 446 1658 ἀλλοις
476 1576 598 1658 ἄθλοις
628 1579 684 1646 καὶ
711 1576 769 1659 τάς
796 1577 976 1666 Ῑῐηρυόνου
1007 1584 1090 1667 βοῦς
1118 1581 1151 1662 ἐξ

133 1681 312 1774 Ἐρυθείας
335 1683 517 1772 εἰς”Αργος
540 1683 714 1771 ἀπελάσαι,
737 1687 871 1766 τελέσας
883 1686 943 1755 τὸν
966 1677 1077 1755 ἀθλον
1096 1687 1151 1756 καλ

136 1791 200 1881 τὴν
224 1796 339 1861 οίκαδε
362 1798 503 1881 πορείαν
530 1791 736 1880 ποιούμενος
758 1789 842 1882 ἄλλῃ
865 1819 900 1861 τε
922 1797 1070 1882 πολλαχῇ
1093 1799 1152 1882 τῆς
1345 1853 1346 1882 ,

132 1897 274 1980 Ἰταλίας
297 1896 433 1986 ἀφίκετο
449 1901 503 1967 καὶ
518 1903 577 1987 τῆς
597 1896 816 2030 Ἀβοριγίνριν
835 1903 897 1986 γῆς
919 1904 966 1980 είς
988 1898 1026 1968 τὸ
1050 1919 1151 1986 προσ·
1166 1921 1192 1963 ιτ
1291 1912 1295 1920 “
1345 1885 1346 1920 ³

136 2007 207 2094 εχὲς
229 2010 275 2100 τῷ
300 2013 501 2098 Παλλαντίῳ
525 2011 659 2094 χωρίου.
696 2003 805 2135 εὑρρδν
829 2005 867 2074 δὲ
889 2005 977 2074 πόαν
1001 2007 1038 2074 έν
1061 2033 1150 2098 αυτω
1171 2012 1192 2077 2

26 2115 30 2126 ’
137 2075 323 2229 βουκολίδα
349 2111 478 2202 πολλὴν
505 2113 560 2180 καί
588 2111 710 2198 καλήν,
737 2110 794 2192 τάς
824 2111 886 2199 μέν
913 2110 1046 2198 βοῦς’
1027 2116 1153 2200 ανῆκεν

139 2225 187 2300 είς
218 2201 346 2306 νομὴν,
379 2217 479 2299 αὐτὸς
507 2217 544 2286 δὲ
571 2217 846 2308 βαρυνόμενος*
829 2243 894 2288 υπο
918 2219 1026 2288 κόπον
1055 2246 1152 2287 κατοι-

139 2327 269 2406 κλιθελς
293 2331 418 2394 ἔδωκεν
441 2324 546 2395 αὑτὸν
568 2351 674 2417 υπνιμ.
708 2329 745 2394 έν
769 2326 807 2395 δέ
828 2326 935 2419 τούτῳ
959 2326 1081 2415 λῃστής
1103 2353 1153 2408 τις

139 2431 370 2521 έπιχάριος”
352 2459 460 2520 ονομα
497 2431 610 2512 Κάκος
646 2432 879 2521 περιτυγχάνει
918 2446 990 2512 ταῖς
1030 2433 1152 2550 βουσβν
1166 2456 1193 2497 ιο

138 2536 344 2627 ἀφυλάκτοις
365 2541 566 2626 νεμομέναις
596 2541 652 2607 καλ
685 2537 798 2608 αὐτῶν
831 2543 936 2626 ἔρωτα
969 2548 1062 2627 ίσχει.
1108 2567 1154 2620 ας

142 2645 180 2714 δέ
201 2645 262 2714 τὸν
285 2643 449 2734 Ἡρακλέα
471 2645 683 2733 κοιμώμενον
712 2644 816 2716 αὐτοῦ
838 2647 1043 2734 κατέμαθεν,
1070 2643 1152 2714 διπά-

141 2771 202 2832 σας
224 2751 286 2839 μὲν
311 2749 372 2819 οὐκ
394 2748 437 2819 ἀν
461 2751 543 2844 ᾤετο
568 2751 741 2820 δύνασθαι
764 2759 884 2821 λαθεῖν
907 2750 1083 2838 ἀπελάσας,
1097 2754 1153 2820 καλ

82 2874 120 2924 99
140 2855 208 2946 ἀμα
221 2855 302 2926 οὐδὲ
312 2857 434 2948 ῥᾴδιον
445 2855 529 2945 <ὂν>
539 2857 577 2927 τὸ
591 2861 728 2948 πρᾶγμα
747 2857 1015 2947 κατεμάνθανεν·
1040 2857 1154 2944 ὀλίγας

140 2966 180 3032 δέ
200 2990 295 3043 τινας
317 2966 351 3045 ἐξ
374 2963 486 3033 αὐτῶν
510 2969 557 3044 είς
578 2964 617 3034 τὸ
641 2963 778 3053 ἀντρον,
802 2967 839 3033 έν
862 2956 888 3057 ᾦ
911 2971 1055 3052 πλησίον
1078 2963 1152 3032 ὄντι
1166 2987 1193 3028 τε

138 3069 297 3156 ἐτύγχανε
324 3067 387 3156 τὴν
416 3073 550 3140 δίαιταν
577 3071 794 3158 ποιούμενος,
827 3069 1069 3159 ἀποκρύπτεται
1098 3074 1151 3156 ἔμ

210 3295 332 3402 anatol*
338 3301 442 3370 γεΑΒ
523 3297 775 3388 4δλάσωμενΑ
857 3307 890 3356 15
909 3294 1094 3371 προσεχδςέν
1078 3300 1151 3372 ντῷ

137 3372 191 3426 AB
265 3369 332 3424 17*
338 3320 454 3440 βόαςΟ
529 3379 562 3429 18
581 3321 668 3443 λινομ
669 3391 706 3441 ην
730 3371 1045 3442 0,oorr.1›ind0rfin
1069 3357 1150 3427 Thes.

138 3461 159 3498 s
177 3461 204 3498 v.
221 3436 330 3527 έκνοὴ
404 3449 437 3498 19
457 3437 547 3498 αὐτὸν
565 3443 591 3497 Α
649 3450 683 3498 22
703 3415 875 3515 ά<ότ>ουΒ
898 3445 988 3498 omR
1052 3438 1151 3520 2460}-

138 3505 236 3568 διον
220 3531 255 3567 ον
300 3529 387 3582 senor,
407 3513 495 3570 Cobet
514 3513 579 3570 Obs
599 3532 626 3584 p.
646 3519 680 3568 29
