2698 3982
561 189 728 242 -ι-
1111 183 1151 250 81

83 352 238 422 ινςνείου
252 344 448 434 λεγόμενον,
470 345 527 412 καί
541 341 623 412 αὐτὸ
637 349 775 424 θυσίαις
789 347 967 432 ἐγέραιρον
982 346 1019 412 αί
1034 343 1156 413 καλοῦ-

135 479 236 540 μεναι
258 449 338 540 παρ’
365 450 480 532 αὐτοῖς
503 449 699 538 ἀμφίπολοι.

203 561 257 628 LI.
277 557 333 628 ’Βκ
357 558 395 626 δὲ
415 557 614 646 Ἀμβρακίας
633 555 786 646 Ἀγχίσης
808 556 869 645 μὲν
888 553 947 636 τὰς
967 559 1052 637 ναῦς
1071 562 1156 646 ἔχων

134 662 227 752 παρὰ
254 669 321 752 γῆν
359 662 577 752 κομιζόμενος
613 668 661 744 εἰς
697 661 907 754 Βουθρωτὸν
944 665 1064 750 λιμένα
1097 667 1158 752 τῆς

134 769 296 860 Ἠπείρου
327 771 523 858 κατάγεται,
555 775 694 850 Αἰνείας
726 770 764 840 δὲ
795 771 851 838 καί
880 773 915 838 οί
940 767 1183 857 ἀκμαιότατοιι

136 875 204 946 σῦν
236 876 326 970 αῦτςῦ
359 881 421 946 τοῦ
453 881 598 966 στρατοῦ
635 875 857 955 διανύσαντες
888 871 1023 962 ἡμεροῦν
1059 879 1156 946 δυεῖν

138 979 224 1052 ὁδὸν
253 988 301 1064 είς
324 982 503 1070 Λωδιόνην
532 981 757 1071 ἀφικνοῦνται
784 981 987 1070 χρησόμενοι
1017 985 1062 1074 τῷ
1085 985 1156 1074 θεῷ

137 1091 196 1158 καὶ
217 1089 536 1178 καταλαμβάνουσιν
560 1087 684 1182 αὐτόθι
703 1093 819 1178 Τριῦας
838 1086 918 1168 τοῦς
940 1085 1004 1158 σῦν
1023 1085 1157 1180 Ἓλένφ.

138 1194 342 1283 ἀνελόμενοι
370 1196 408 1264 δὲ
440 1193 610 1284 χρησμοὺς
641 1196 717 1284 περὶ
745 1199 804 1282 τῆς
831 1191 986 1276 ἀποικίας
1013 1193 1069 1263 καὶ
1096 1191 1157 1264 τὸν

139 1299 227 1372 θεὸν
250 1301 449 1390 ἀναθήμασι
474 1301 709 1391 δωρησάμενοι
729 1308 890 1390 Τρωικοῖς
907 1297 1022 1380 ἀλλοις
1044 1326 1079 1368 τε
1101 1301 1157 1370 καί
1173 1331 1199 1372 ιο

139 1411 303 1497 κρατῆρσι
330 1416 480 1496 χαλκοῖς,
508 1399 557 1476 οῦν
584 1434 674 1487 τινες
697 1412 745 1476 ἔτι
773 1411 936 1494 περίεισιν
959 1407 1159 1494 ἐπιγραφαῖς

138 1513 233 1584 πάνυ
269 1512 423 1604 ἀρχαίαις
461 1517 644 1601 δηλοῦντες
678 1513 758 1596 τοῦς
793 1513 1003 1592 ἀναθέντας,
1035 1512 1089 1580 ἐπὶ
1119 1509 1158 1582 τὸ

139 1619 304 1690 ναυτικὸν
349 1619 575 1709 ἀφικνοῦνται
624 1620 791 1710 τεττάρων
836 1619 979 1708 μάλιστα
1024 1616 1159 1706 ἡμεροῦν

141 1723 339 1806 διελθόντες
369 1725 463 1796 ὁδόν.
509 1731 610 1814 δηλοῖ
640 1727 678 1794 δὲ
709 1727 765 1795 καί
791 1723 854 1812 τὴν
877 1730 926 1806 είς
948 1723 1158 1812 Βουθρωτὸν

140 1837 210 1904 τῶν
229 1832 356 1922 Τριόων
378 1839 568 1922 παρουσίαν
591 1833 698 1921 λόφος
720 1860 780 1919 τις,
802 1824 829 1924 ᾧ
849 1831 924 1902 τότε
944 1833 1157 1921 στρατοπέδῳ
1173 1861 1199 1901 ιι

141 1939 339 2027 ἐχρήσαντο,
362 1946 466 2028 Τροία
482 1939 699 2028 καλούμενος.
732 1943 768 2009 ἐκ
787 1940 825 2008 δὲ
839 1941 1051 2025 Βουθρωτοῦ
1069 1934 1159 2026 παρὰ
1178 1949 1199 2014 2

140 2049 207 2132 γῆν
230 2048 449 2133 κομισθέντες
472 2045 550 2134 ἀχρι
573 2049 710 2134 λιμένος
730 2045 884 2134 Ἀγχίσου
908 2043 970 2132 μὲν
983 2043 1058 2112 τότε
1082 2041 1158 2112 ὀνο-

142 2153 355 2238 μασθίντος,
396 2156 462 2221 νῦν
505 2151 542 2218 δ’
584 2152 818 2243 ἀσαφεστέραν
861 2157 996 2240 ἔχοντος
1036 2147 1159 2237 ὀνομα-

87 2289 142 2338 129
153 2265 250 2344 σίαν,
281 2256 375 2348 ἱερὸν
404 2259 460 2326 καὶ
490 2255 613 2328 αὐτόθι
635 2263 694 2348 τῆς
717 2257 916 2346 Ἀφροδίτης
939 2255 1159 2346 ἱδρυσάμενοι

144 2367 317 2450 διαίρουσι
348 2362 409 2432 τὸν
437 2363 563 2432 Ἰόνιον
592 2363 760 2452 ἡγεμόνας
797 2371 928 2452 ἔχοντες
954 2368 1013 2451 τῆς
1044 2389 1158 2432 ναυτι-
1172 2390 1199 2432 ιο

144 2475 234 2556 λίας,
268 2475 304 2537 οδ
334 2471 567 2538 συνέπλευσαν
601 2469 715 2551 αὐτοῖς
742 2470 935 2540 έθελοῦσιοι
959 2469 1159 2540 συνεπισπό-

144 2602 259 2664 μενοι,
293 2573 372 2658 τοῦς
404 2575 469 2646 σῦν
497 2576 659 2666 Πάτρωνι
686 2581 732 2670 τῷ
765 2582 918 2669 Θουρίφ·
953 2579 1009 2646 καὶ
1046 2575 1159 2647 αὐτῶν

89 2687 185 2763 ςςοοί
215 2682 277 2770 μὲν
311 2689 463 2770 πλείους,
501 2681 615 2772 ἐπειδὴ
652 2688 740 2766 σῦος
778 2681 796 2753 ὁ
829 2682 969 2772 στρατὸς
1002 2689 1049 2764 είς
1077 2683 1159 2754 Ἰτα-

144 2795 223 2858 λίαν
252 2787 411 2876 άφίκετο,
444 2788 495 2858 ἐπ’
522 2800 618 2860 οίκον
645 2783 749 2870 αὖθις
775 2788 1065 2878 ἀνεκομίσθησαν,
1088 2790 1160 2858 Πά-

143 2922 235 2983 τρων
269 2894 307 2963 δὲ
333 2897 485 2977 πεισθεὶς
512 2895 568 2965 ὑπ’
600 2902 741 2967 Αίνείου
768 2913 947 2967 κοινωνεῖν
976 2902 1035 2985 τῆς
1064 2896 1159 2966 ἀποι-
1173 2928 1199 2970 ιι

218 3086 414 3161 λβουτρωτὸν
440 3091 486 3146 Ba
518 3088 676 3164 βοῦτρωτον
695 3093 743 3148 Bb
827 3100 843 3148 6
871 3095 953 3148 δυεῖν
979 3095 1002 3148 Β
1030 3095 1112 3146 δυοῖν
1135 3094 1160 3148 R

146 3167 181 3216 10
199 3159 250 3214 καὶ
269 3177 323 3216 om.
342 3163 368 3215 Δ
440 3167 545 3218 14-16
564 3165 691 3231 δηλοῖ-
702 3159 877 3233 καλούμενος
895 3181 949 3220 om.
969 3164 1119 3234 Opraeter
1135 3163 1159 3218 B

184 3237 218 3287 15
237 3230 349 3286 ποτδΒ
373 3248 443 3286 corr.
467 3231 610 3303 Kiessling
683 3241 716 3290 16
740 3230 900 3307 βουτράτου
923 3236 946 3290 Β
1019 3239 1052 3289 18
1071 3251 1159 3304 σαφε-

145 3302 250 3371 στέραν
277 3301 301 3358 Β
391 3310 426 3360 20
450 3305 617 3374 Ακαρνᾶνας
649 3305 713 3360 εδδ.
745 3308 809 3375 post
846 3305 991 3367 ναυτιλίας
1017 3304 1160 3375 Kiessling

181 3380 216 3428 21
238 3369 475 3444 συνεπιστάμενοι
493 3391 514 3430 ο.
535 3375 649 3444 Βείελιε,
666 3375 811 3432 Meutzner
828 3378 899 3432 Anu.
909 3375 979 3446 phil.
991 3379 1059 3432 1877
1070 3395 1096 3446 p.
1107 3383 1159 3434 826

144 3441 391 3514 συνεπιστάμενοι
409 3445 432 3500 Ο
505 3452 539 3501 22
557 3448 651 3519 θυρίφ
669 3463 692 3503 ο.
712 3447 841 3504 Meineke

199 3553 301 3592 mom
315 3553 379 3594 Ηιιι.
393 3553 413 3592 1.
431 3563 469 3593 το.
483 3553 585 3595 mour.
984 3543 1000 3593 ⁶
