2682 3982
202 259 268 326 246
627 257 789 310 -B-

160 421 183 488 4
202 423 394 508 ἱερουργίας
415 420 600 486 έπετέλουν.
645 414 709 502 τὴν
738 415 776 483 δὲ
802 415 963 505 τετάρτην
986 429 1057 495 τοῖς
1080 415 1218 501 ἐξηγου-

201 527 315 614 μένοις
336 523 377 594 τά
395 523 589 611 θεόπεμπτα
612 537 732 610 σημεῖα
754 523 810 590 καὶ
834 525 1005 609 διαιροῦσι
1020 526 1127 590 τίνων
1146 521 1218 588 ἐστὶ

200 632 378 720 μηνύματα
405 631 612 721 πραγμάτων
641 633 713 720 ίδίηι
738 655 774 698 τε
799 623 863 698 καὶΙ
885 632 1046 718 δημοσίᾳ,
1070 623 1130 707 οὓς
1151 625 1215 715 ἀφ’

201 737 277 819 ἑνὸς
309 743 423 818 είδους
453 741 522 806 τῶν
554 735 785 824 θεωρημάτων
816 729 876 823 τῆς
910 737 1028 822 τέχνης
1058 731 1217 821 Ῥωμαῖαι

160 871 174 914 ε
200 849 363 914 καλοῦσιν
398 843 561 932 αύγορας,
597 839 692 930 ἡμεῖς
725 839 757 909 δ’
786 839 831 910 ἂν
863 851 1015 930 εἴποιμεν
1048 839 1272 912 οίωνοπό-στσ

200 961 293 1039 λους,
310 949 441 1038 ἁπάσης
463 954 522 1038 τῆς
545 954 705 1038 μαντικῆς
721 947 803 1037 παρ’
823 946 939 1030 αύτοίς
961 947 1062 1029 ὄντας
1084 947 1216 1034 ἐπιστή-

200 1085 307 1146 μονας
333 1063 393 1145 τῆς
419 1083 455 1126 τε
481 1057 558 1146 περὶ
586 1055 626 1124 τά
660 1053 804 1143 οὐράνια
829 1057 887 1124 καί
913 1053 953 1125 τά
976 1053 1137 1144 μετάρσια
1157 1055 1216 1122 καὶ

160 1163 240 1234 ὖτά
267 1167 404 1250 ἐπίγεια.
458 1161 520 1250 την
554 1161 592 1230 δέ
623 1164 774 1250 πέμπτην
803 1177 876 1242 ταῖς
902 1161 1150 1249 φυλαττούσαις
1175 1159 1215 1230 τὸ

200 1269 295 1360 ἱερὸν
321 1274 389 1357 πύρ
416 1269 618 1359 παρθένοις,
646 1275 684 1338 αἳ
708 1275 891 1338 καλαύνται
917 1266 1004 1358 πρὸς
1025 1266 1137 1337 αὐτῶν
1160 1269 1215 1336 έπὶ

143 1403 187 1442 ·ιο
200 1374 267 1464 τῆς
289 1382 374 1458 θεάς
405 1371 449 1464 ἣν
476 1375 728 1467 θεραπεύουσιν
757 1375 921 1462 ἑστιάδες,
953 1373 1055 1455 αὐτὸς
1083 1379 1217 1464 πρόπας

200 1483 293 1571 ίερὸν
324 1483 550 1574 ἱδρυσάμενος
572 1483 748 1572 Ῥωμαίοις
772 1481 904 1562 Ἑστίας
933 1483 990 1550 καὶ
1021 1483 1216 1570 παρθένους

199 1589 377 1674 ἀποδείξας
400 1590 484 1681 αύτη
507 1591 719 1679 θυηπόλους·
746 1583 830 1678 ὑπὲρ
854 1580 903 1658 οἷν
932 1587 1029 1676 ὀλίγα
1051 1589 1107 1657 καὶ
1128 1585 1215 1656 αύτά

199 1695 464 1784 τάναγκαιότατα
493 1703 552 1786 τῆς
579 1696 775 1776 ὑποθέσεως
800 1693 1007 1782 ἀπαιτούσης
1028 1693 1214 1781 άναγκαίον

198 1807 314 1874 είπείν.
361 1803 516 1894 ἔστιγὰρ
539 1801 641 1874 άκαὶ
669 1802 832 1890 ζητήσεως
859 1800 995 1890 ἠξίωται
1020 1803 1101 1886 [καὶ]
1125 1800 1215 1889 παρὰ

159 1932 186 1974 ιε
200 1918 338 1990 πολλοῖς
359 1915 429 1980 τῶν
447 1909 640 1998 Ῥωμαϊκόν
668 1911 892 1998 συγγραφέων
922 1907 1005 1978 κατά
1026 1907 1087 1978 τὸν
1109 1907 1214 1978 τύπον
1331 1961 1334 1983 .

198 2021 337 2104 τούτου,
361 2014 472 2105 [ὑπὲρ]
498 2011 546 2086 ὧν
570 2021 606 2086 ολ
625 2015 684 2098 τάς
711 2022 818 2096 αίτίας
847 2013 909 2085 οὐκ
932 2015 1122 2104 ἐξητακότες
1145 2018 1214 2084 έπι-
1333 1999 1334 2036 ³

198 2127 306 2210 μελῶς
328 2125 532 2210 εἰκαιοτέρας
554 2122 735 2210 ἐξήνεγκαν
756 2121 816 2202 τάς
837 2121 979 2212 γραφάς.

286 2232 386 2298 LXV.
436 2228 505 2317 Τὴν
540 2234 630 2316 γοῦν
659 2233 796 2317 ἵδρυσιν
831 2232 892 2298 τού
928 2231 1029 2326 ίερού
1054 2225 1213 2320 Ῥωμύλῳ

197 2335 287 2416 τινὲς
321 2333 522 2405 άνατιθέασι
563 2340 632 2406 τῶν
674 2333 855 2424 ἀμηχάνων
897 2341 1090 2422 νομιῗοντες
1126 2333 1214 2404 εἶναι

157 2465 185 2506 20
199 2441 327 2522 πόλεως
363 2445 570 2530 οἰκιζομένης
605 2440 662 2512 ὑπ’
696 2441 823 2532 άνδρὸς
859 2444 1018 2532 ἐμπείρου
1054 2445 1215 2529 μαντικῆς

198 2547 243 2637 μὴ
271 2553 587 2635 κατασκευασθηναι
614 2553 749 2637 πρῶτον
778 2551 891 2620 ἑστίαν
918 2547 1039 2637 κοινὴν
1066 2552 1125 2636 τῆς
1154 2548 1213 2618 πό-

198 2664 296 2742 λεως,
318 2655 375 2724 καὶ
397 2657 502 2722 ταύτα
526 2657 563 2724 έν
576 2652 684 2746 ’Ἀλβρι
705 2659 768 2724 τοῦ
789 2661 925 2724 κτίστου
947 2657 1147 2744 τραφέντος,
1171 2658 1268 2724 έν374

197 2753 219 2850 ᾖ
241 2758 387 2830 παλαιὸν
411 2762 444 2841 ἐξ
464 2750 505 2828 οὗ
524 2758 561 2829 τὸ
584 2765 644 2848 τῆς
661 2765 745 2842 θεάς
765 2761 889 2848 ταύτης
912 2759 1004 2848 ἱερὸν
1027 2764 1213 2850 ἱδρυμένον

195 2859 256 2955 ἦν,
285 2867 342 2936 καὶ
368 2870 428 2954 τῆς
459 2866 585 2956 μητρὸς
617 2866 721 2938 αύτού
753 2867 933 2954 θυηπόλου
963 2870 1147 2956 γενομένης
1173 2873 1213 2958 τῇ

268 3033 284 3082 3
310 3021 462 3098 μηνύματα
485 3044 539 3082 om.
563 3029 589 3084 A
665 3036 683 3084 4
706 3029 762 3083 τῶν
780 3022 975 3098 θεωρημάτων
1000 3027 1050 3096 τῆς
1072 3026 1213 3098 τέγνηςΒ
1332 3038 1334 3056 ·

196 3099 247 3168 τῆς
265 3097 365 3168 τέχνης
387 3119 411 3153 τ.
430 3099 506 3154 &R
578 3100 774 3155 ὅκαλούσιΑ
799 3100 804 3170 Ι
829 3093 956 3168 αύγύρας
978 3100 1031 3154 ΑΒ
1054 3115 1123 3154 σοιν.
1150 3099 1214 3170 Syl-

197 3171 277 3238 bur,
305 3170 462 3224 Ambrosch
543 3177 559 3226 9
583 3165 641 3225 άπδ
666 3169 714 3225 Ab
801 3176 834 3224 13
858 3166 918 3224 *τά
946 3164 1160 3240 ἀναγκαιότατα
1189 3170 1211 3226 0

199 3246 233 3296 14
252 3237 271 3295 ά
291 3257 345 3296 om.
360 3241 437 3296 BaR
452 3243 456 3310 1
472 3235 591 3310 ἠξίωται
609 3241 659 3296 καί
672 3241 725 3296 ΑΒ
743 3239 1032 3296 ua2d01.Ambroseh
1088 3248 1121 3298 16
1139 3237 1213 3311 ύπέρ

196 3311 253 3366 del.
267 3311 424 3368 Ambroseh
497 3317 530 3366 19
549 3310 624 3374 τινές
643 3307 691 3366 ἐπὶ
708 3311 764 3394 τῶν
778 3305 940 3399 άμηχάνωη
947 3307 1121 3400 άνατρθέασι
1134 3315 1213 3402 νομί·

198 3386 295 3449 ζουτες
312 3382 396 3453 AaB,
416 3383 465 3440 sed
483 3399 552 3438 corr.
571 3384 601 3438 et
619 3383 767 3439 adnotant
784 3383 881 3452 Amgt
905 3403 994 3448 ουτως
1014 3403 1213 3454 αναγνωοτεον
1333 3457 1334 3462 1

196 3448 249 3508 τόν
267 3454 372 3523 γάρον·
393 3448 522 3524 Ῥωμύλῳ
544 3451 620 3516 τινὲς
643 3448 815 3510 ἀνατιθέασι
833 3455 890 3510 τῶν
913 3451 1068 3526 ἀμηχάνων
1087 3457 1213 3526 νομίζον-

195 3543 244 3587 τες
261 3521 349 3579 εἶναι·
368 3524 417 3580 καλ
431 3521 466 3579 τά
482 3519 559 3594 έξῆςς
578 3525 607 3579 in
622 3519 669 3580 έπλ
682 3525 773 3582 inesse
788 3523 820 3580 έν
833 3545 861 3582 τι
874 3545 947 3597 susp.
959 3525 1048 3582 Cobet
1058 3526 1121 3582 obs.
1137 3545 1164 3596 p.
1177 3531 1212 3584 53
