2660 3986
546 240 713 290 ..Γ-

123 405 198 465 λετο
223 395 284 484 μέν
307 394 497 464 ἀποδοῦναι
516 409 587 476 τοῖς
605 393 714 483 ῆρωσι
736 393 799 482 τῆν
818 391 932 483 εὐχήν,
956 395 994 462 ἐν
1014 391 1138 484 ἀπορία

124 504 162 572 δὲ
193 495 237 591 ῆν
270 507 376 592 πολλῆ
407 501 468 572 τὸν
506 503 664 590 μέγιστον
698 499 738 570 οὐ
771 501 961 589 δυνάμενος
992 503 1139 589 ἐξευρεῖν

99 611 260 699 βότρυν.
306 607 490 696 ἀδημονῶν
519 607 551 676 δ’
582 609 635 677 ἐπὶ
662 612 708 700 τῶ
736 607 905 695 πράγματι
934 605 1012 686 τοὺς
1036 604 1140 686 θεοὺς

122 716 220 804 ῆξίου
248 714 294 784 δι’
325 719 459 786 οἰωνῶν
487 713 640 803 φανερὸν
673 713 763 806 αὐτῷ
791 718 929 802 ποιῆσαι
957 712 995 784 τὸ
1025 713 1140 800 ζητού-

122 849 237 912 μενον.
284 821 384 891 ἔπειτ’
411 825 559 891 ἐπελθόν
587 819 677 914 αὐτῷ
705 821 788 890 κατὰ
816 825 962 908 δαίμονα
986 823 1062 909 διχῆ
1086 821 1166 889 νέ-ε

124 956 179 1016 μει
206 927 266 998 τὸν
293 927 490 1016 ἀμπελῶνα,
518 927 646 1016 θάτερα
673 927 735 1016 μέν
763 925 869 997 αὐτοῦ
897 926 1081 1013 λαμβάνων
1105 929 1140 995 έκ

125 1039 246 1121 δεξιάς,
269 1035 399 1124 θάτερα
423 1033 455 1102 δ’
477 1037 510 1117 ἐξ
533 1033 721 1122 ἀριστερᾶς,
745 1032 853 1102 ἔπειθ’
874 1031 959 1122 ὑπὲρ
983 1035 1141 1120 ἑκατέρου

123 1146 192 1210 τῶν
234 1147 346 1232 μερῶν
387 1140 467 1222 τοὺς
505 1143 773 1229 παρακειμένους
816 1139 961 1221 οίωνοδς
999 1139 1141 1209 ἐσκόπει.

125 1251 304 1336 φανέντων
329 1247 359 1316 δ’
387 1250 441 1318 ἐπὶ
462 1249 612 1334 θατέρου
635 1250 758 1336 μέρους
780 1245 950 1336 ὀρνίθων,
975 1251 1058 1316 οἵων
1082 1243 1141 1315 αό-

124 1353 182 1434 τὸς
211 1354 516 1441 έβοόλετο,.πάλιν
549 1356 657 1422 έκεῖνο
691 1357 767 1443 διχῆ
803 1353 912 1443 διῄρει
943 1352 980 1422 τδ
1015 1357 1142 1441 χωρίον
1157 1387 1182 1427 ιο

125 1461 181 1528 καὶ
203 1459 281 1539 τοὺς
303 1459 451 1548 όρνιθας
474 1463 620 1548 διέκρινε
642 1458 721 1538 τοὺς
743 1462 1036 1547 παραγινομένους
1057 1457 1141 1528 κατὰ

71 1564 167 1638 οεετδ
191 1563 282 1634 αὐτό.
333 1565 435 1654 ταότη
467 1565 639 1653 χριόμενος
670 1569 710 1654 τῆ
740 1569 900 1650 διαιρέσει
930 1569 998 1633 τῶν
1028 1561 1141 1634 τόπῶν

124 1673 180 1740 καὶ
212 1670 273 1760 τῆν
312 1672 454 1760 ἐσχάτην
488 1670 553 1740 ὑπὸ
592 1675 660 1739 τῶν
694 1669 848 1760 ὀρνίθων
879 1669 1141 1758 ἀποδειχθεῖσαν

125 1778 275 1866 ἄμπελον
298 1776 459 1848 ὑπελθῶν
479 1777 625 1866 εὑρίσκει
644 1778 788 1866 βότρυος
810 1777 954 1848 άπιστόν
975 1803 1008 1845 τι
1032 1782 1142 1865 χρῆμα

125 1887 180 1953 καὶ
203 1883 308 1953 αὐτὸν
332 1887 447 1972 φέρων
466 1885 519 1953 ἐπὶ
541 1883 604 1972 τῆν
627 1884 771 1954 καλιάδα
788 1889 857 1954 τῶν
879 1883 1002 1974 ῆρῶων
1022 1883 1140 1973 ὁρᾶται
1156 1917 1181 1958 15

126 1990 209 2080 πρὸς
240 1996 302 2060 τοῦ
333 1991 467 2081 πατρός.
520 1991 737 2079 θαυμάσαντι
770 1992 808 2060 δὲ
841 1991 878 2062 τὸ
911 1994 1055 2080 μέγεθος
1084 1995 1199 2078 τῆς4“

127 2103 298 2185 σταφυλῆς
322 2099 379 2167 καί
401 2099 511 2167 πόθεν
538 2099 669 2187 είλῆφει
696 2101 947 2190 πυνθανομένῳ
979 2101 1142 2185 διηγεῖται

126 2203 236 2273 πάντα
259 2207 291 2286 ἐξ
315 2203 428 2293 ἀρχῆς.
474 2203 493 2274 δ
518 2205 549 2274 δ’
575 2205 767 2293 ὑπολαβῶν,
791 2204 872 2293 ὅπερ
896 2199 951 2294 ῆν,
975 2203 1143 2292 έμφότονς

50 2309 55 2318 ’
128 2311 220 2380 εἶναί
247 2337 342 2392 τινας
377 2310 481 2400 ἀρχὰς
512 2317 673 2400 μαντικῆς
709 2316 746 2381 έν
778 2317 823 2404 τῷ
860 2317 972 2399 παιδί,
1003 2316 1143 2399 κομίσας

128 2415 232 2487 αὐτὸν
262 2423 310 2498 είς
339 2417 401 2506 τῆν
431 2417 532 2486 πόλιν
562 2417 766 2507 γραμμάτων
801 2418 1017 2499 διδασκάλοις
1049 2424 1142 2486 συνί-
1156 2451 1183 2490 ιο

128 2545 259 2612 στησιν·
283 2527 352 2594 ἐπεὶ
371 2524 410 2594 δὲ
427 2528 486 2612 τῆς
503 2529 620 2612 κοινῆς
637 2529 789 2605 παιδείας
807 2523 1031 2614 ἀποχρῶντος
1053 2533 1142 2612 μετέ-

128 2637 219 2718 λαβε,
256 2637 443 2722 Τυρρηνῶν
479 2629 585 2700 αὐτὸν
619 2635 831 2720 παραδίδωσι
867 2636 912 2723 τῷ
950 2632 1142 2722 λογιωτάτῳ

128 2737 190 2824 τῆν
214 2737 481 2826 οἰωνοσκοπικὴν
503 2740 624 2826 τέχνην
644 2739 951 2826 διδαχθησόμενον.
996 2744 1081 2826 έχων
1105 2739 1143 2806 δέ
1162 2743 1183 2809 5

129 2843 191 2930 τῆν
220 2849 369 2932 ἔμφυτον
397 2843 415 2914 ὁ
446 2847 571 2932 Νέβιος
601 2843 766 2933 μαντικῆυ
794 2847 850 2914 καὶ
877 2845 940 2933 τῆν
968 2848 1143 2932 ἐπίκτητον

202 3068 326 3128 ὔέλθδ·
320 3093 353 3127 ·ν
375 3074 399 3127 Β
424 3074 430 3144 Ι
454 3075 531 3143 διχῆι
554 3075 579 3128 Α
608 3075 673 3144 διχῆ
698 3075 720 3128 Β
746 3077 750 3136 Ι
775 3073 873 3145 νέμειν
897 3075 919 3131 Ο
948 3093 1017 3130 corr.
1041 3075 1144 3130 Reiske

132 3152 148 3202 8
166 3143 412 3216 παραγινομένους
430 3162 454 3200 ο
468 3145 596 3201 ΗειλΙείυ
610 3145 726 3202 Hermes
740 3137 807 3216 Xp.
818 3151 879 3216 412,
894 3145 983 3202 Cobet
996 3147 1061 3202 Obs.
1072 3165 1113 3234 μ’.
1110 3153 1144 3202 73

132 3223 219 3272 9-13
243 3215 330 3271 verba
357 3217 425 3270 οιτον
460 3211 590 3279 αότὸς-
603 3217 659 3271 τῶν
691 3213 818 3288 ὀρνίθων
847 3235 900 3273 om.
919 3219 945 3272 A
1022 3224 1055 3272 11
1079 3213 1144 3273 ἀνέ-

131 3308 165 3358 κρ
167 3307 209 3342 ινε
237 3304 261 3342 ο.
288 3286 438 3373 Kiessling
456 3287 500 3342 Pr.
528 3289 638 3357 Βεερ
640 3293 683 3344 ,3
770 3295 804 3344 14
832 3285 962 3344 ἔπελθῶν
991 3306 1014 3344 ο
1042 3289 1144 3344 Reiske

133 3365 166 3414 15
180 3353 303 3413 καλιάδα
316 3359 339 3412 Β
358 3354 461 3412 καλιάν
474 3360 500 3412 R
568 3366 600 3414 17
616 3307 730 3429 είλῆφοι
743 3359 872 3415 Hertlein
882 3361 999 3416 Hermes
1009 3359 1035 3412 X
1048 3378 1076 3430 p
1092 3366 1144 3415 412

133 3425 214 3486 18δ’
234 3424 385 3516 υπολαβῶν
404 3432 430 3484 Α
457 3427 490 3484 δὲ
513 3425 592 3486 διιολ.
611 3431 637 3484 Β
714 3437 747 3486 19
770 3427 907 3502 μαντικῶς
930 3435 955 3486 Α
1027 3438 1060 3486 21
1082 3427 1145 3487 ἐπεὶ

85 3565 88 3570 ,
133 3499 206 3556 δεΒ
226 3496 325 3570 ἐπειδὴ
345 3499 377 3556 δὲ
397 3501 544 3570 Βίεειυε
561 3502 703 3570 κοινῆς-
713 3505 890 3572 παραδίδωσι
908 3520 962 3558 om
982 3504 1027 3558 Ba
