2682 3982
635 159 799 260 ...3¹-

210 393 269 435 ναι
295 365 412 455 κόραις
440 363 485 446 ὡς
506 369 698 454 παρθένον,
723 367 758 435 οί
779 365 817 435 δέ
838 365 879 436 τὰ
902 363 1121 436 πιθανώτατα
1143 365 1224 454 γρά-

211 499 333 561 φοντες
365 475 509 542 ἑκοῦσαν
542 471 721 561 ὑπομεῖναι
757 477 894 560 λέγουσι
926 470 1006 561 μετά
1038 473 1223 562 θυγατρός·

210 577 430 668 ἁρπασθῆναι
465 577 530 667 γάρ
568 577 610 667 δὴ
642 578 798 666 κάκείνης
831 579 1004 668 θυγατέρα
1040 584 1272 667 μονογενῆ.331
1320 633 1321 652 .

17 721 18 736 2
69 761 72 766 Δ
176 682 257 766 δός
278 686 323 756 ’δέ
350 686 476 774 ταύτην
505 692 604 775 ἔσχον
632 686 695 775 τὴν
724 686 864 774 γνώμην
893 689 932 754 αί
956 700 1114 774 γυναῖκες
1140 676 1224 774 ἧκον

169 818 183 860 ο
211 793 264 862 ἐπὶ
287 792 325 862 τὸ
350 795 532 882 συνέδριον
559 796 615 863 καί
642 798 804 881 τυχοῦσαι
831 793 938 880 λόγου
960 790 1088 881 μακράς
1111 795 1225 876 ἐξέτει-

199 901 438 988 νανδεήσεις,
458 899 640 989 ἐπιτροπὴν
658 899 813 984 ἀξιοῦσαι
832 907 949 988 λαβεῖν
966 905 1025 988 τῆς
1044 899 1127 988 πρὸς
1146 899 1225 981 τοὺς

175 1086 187 1107 ⁴
212 1021 385 1094 συγγενεῖς
414 1007 549 1094 ἐξόδου,
576 1005 701 1088 πολλὰς
727 1008 784 1076 καὶ
812 1006 944 1094 ἀγαθάς
972 1011 1108 1088 ἐλπίδας
1136 1013 1224 1096 ἐχειν

152 1111 178 1184 j
211 1117 371 1201 λέγουσαι
393 1116 469 1204 περὶ
492 1117 553 1183 τού
577 1113 735 1196 συνάξειν
764 1119 812 1194 είς
835 1117 872 1182 ἓν
900 1113 940 1182 τά
964 1119 1050 1200 ἔθνη
1073 1115 1130 1182 καὶ
1152 1137 1226 1184 ποι-

134 1211 159 1250 ’·
208 1220 306 1308 ύσεὶν
330 1226 458 1307 φιλίαν.
500 1218 546 1301 τός
570 1221 608 1297 δὲ
624 1219 718 1290 ταῦτ’
739 1219 889 1307 ἥκουσαν
912 1223 947 1288 οί
964 1219 1227 1307 συνεδρεύοντες

171 1361 197 1400 10
210 1331 256 1419 τῷ
284 1332 419 1413 βασιλεῖ
444 1327 579 1416 σφόδρα
607 1354 642 1396 τε
669 1325 872 1414 ἠγάσθησαν
898 1328 954 1395 καὶ
979 1325 1087 1416 πόρον
1116 1325 1161 1408 ὡς
1187 1330 1225 1397 έν

212 1432 398 1521 ἀμηχάνοις
427 1434 598 1523 πράγμασι
629 1421 763 1504 τούτου
783 1432 954 1522 ὑπέλαβον
987 1432 1074 1503 εἶναι
1106 1434 1225 1523 μόνον.

171 1545 340 1627 4γίνετιιι
369 1525 410 1629 δέ]
439 1540 520 1629 μετὰ
549 1546 648 1611 τούτο
678 1541 787 1629 δόγμα
814 1540 949 1610 τοιόνδε
976 1543 1115 1628 βουλῆς·
1147 1540 1226 1611 ὅσαι

210 1651 272 1716 τοῦ
306 1653 468 1735 Σαβίνων
500 1653 623 1736 γένους
653 1641 742 1736 ἦσαν
775 1655 912 1736 ἐχουσαι
943 1650 1058 1734 τέκνα,
1090 1647 1226 1729 ταύταις

211 1755 368 1836 ἐξουσίαν
391 1752 480 1824 είναι
502 1755 763 1836 καταλιπούσαις
785 1753 825 1824 τά
848 1757 949 1824 τέκνα
966 1752 1055 1844 παρά
1077 1769 1148 1836 τοῖς
1166 1754 1226 1824 άν-

171 1891 197 1932 15
212 1860 312 1950 δράσι
335 1859 533 1951 πρεσβεύειν
557 1859 603 1942 ὡς
624 1860 703 1942 τούς
730 1859 924 1950 ὁμοεθνεῖς,
953 1860 1029 1930 όσαι
1053 1861 1092 1930 δὲ
1114 1861 1226 1931 πλειό-

210 1994 283 2037 νων
305 1971 438 2038 παίδων
468 1971 606 2058 μητέρες
633 1961 721 2056 ἦσαν
750 1968 934 2056 ἐπάγεσθαι
961 1982 1085 2056 μοῖραν
1109 1971 1142 2052 ἐξ
1165 1967 1226 2038 κύ·
1269 2039 1272 2044 Δ

209 2079 279 2143 τῶν
303 2070 510 2164 ὁσηνδήτινα
535 2077 592 2144 καὶ
618 2075 776 2165 πράττειν
804 2073 894 2155 ὅπως
920 2079 968 2154 είς
997 2080 1115 2161 φιλίαν
1144 2095 1225 2144 συν-

171 2177 329 2264 ὅάξουσι
351 2181 392 2251 τὰ
416 2188 511 2269 ἔθνη.
549 2180 629 2270 μετὰ
647 2185 747 2251 τούτο
766 2181 903 2271 ἐξῄεσαν
923 2184 1068 2268 ἐσθῆτας
1087 2187 1226 2270 ἔχουσαι

210 2293 416 2376 πενθίμους,
442 2287 532 2369 τινὲς
559 2289 598 2356 δέ
624 2287 737 2358 αὐτῶν
763 2289 820 2357 καὶ
846 2290 946 2358 τέκνα
973 2287 1078 2375 νήπια
1105 2287 1226 2375 ἐπαγό-

171 2417 198 2458 ιο
211 2421 319 2482 μενοι.
365 2392 410 2476 ὥς
433 2393 465 2462 δ’
482 2400 530 2476 είς
552 2393 613 2464 τόν
631 2395 760 2484 χάρακα
777 2399 846 2465 τῶν
865 2400 1027 2482 Σαβίνων
1045 2398 1225 2482 προῆλθον

210 2500 421 2590 ὀδυρόμεναί
438 2528 474 2570 τε
496 2503 553 2570 καὶ
575 2507 843 2591 προσπίπτουσαι
864 2507 935 2582 τοῖς
957 2505 1026 2570 τῶν
1049 2499 1226 2571 ἄπαντιύν-
1322 2579 1323 2600 ,

209 2634 279 2678 των
301 2608 423 2694 γόνασι
445 2605 554 2676 πολύν
578 2605 692 2678 οίκτον
716 2611 843 2677 ἐκτῶν
867 2606 1027 2696 όρύντων
1051 2611 1224 2696 ἐκίνησαν,
1322 2603 1323 2628 ἐ

171 2720 191 2784 6
209 2715 266 2783 καὶ
287 2712 328 2782 τά
352 2713 483 2803 δάκρυα
500 2717 649 2802 κατέχειν
674 2713 786 2794 οὐδεὶς
804 2711 919 2796 ίκανδς
936 2707 989 2804 ἦν.
1030 2717 1279 2803 συναχθέν-κερ

210 2848 267 2902 τος
290 2821 327 2889 δέ
350 2818 467 2900 αὐταῖς
488 2824 550 2890 τού
573 2824 756 2909 συνεδρίου
778 2824 847 2890 τῶν
869 2819 1071 2908 προβούλων
1093 2822 1151 2890 καὶ
1173 2848 1226 2890 κε-

171 2958 197 3000 εε
211 2927 392 3008 λεύσαντος
414 2931 476 2996 τού
494 2932 658 3015 βασιλέως
679 2926 763 3017 ὑπὲρ
788 2919 840 3006 ὧν,
855 2925 975 3015 ἥκουσι
994 2929 1104 3014 λέγειν
1123 2925 1144 3015 ἡ
1163 2931 1226 2996 τοῦ

282 3114 298 3162 3
324 3101 512 3176 ἁρπασθῆναι
531 3102 630 3192 κόραις
648 3102 686 3170 ὡς
703 3104 894 3175 παρθένονΒ
976 3099 1127 3175 4γνύμην
1145 3104 1225 3160 BbR

210 3201 334 3283 γυναῖκα
352 3214 409 3266 μην
432 3195 477 3251 Ba
536 3182 595 3250 ’θ’
608 3180 873 3261 ἐξέτεινάνΒξέ
875 3213 969 3248 τεινον
990 3194 1017 3247 Β
1041 3195 1045 3262 Ι
1070 3189 1184 3262 δεησεις
1202 3193 1226 3247 Β

211 3263 355 3358 διηγήσεις
377 3267 403 3322 Β
484 3273 500 3322 9
524 3268 605 3335 φίλια
627 3267 653 3320 Α
680 3268 762 3335 φιλία
785 3266 832 3321 Ba
859 3266 957 3334 φιλίαν
980 3264 1026 3318 Bb
1113 3270 1147 3318 12
1173 3259 1225 3336 δὴ]

211 3336 285 3393 δὲΒ
369 3343 401 3393 1‘1
421 3333 573 3403 συνάξουσι
591 3338 637 3391 Ba
660 3337 750 3392 Cobet
773 3337 837 3392 Vat.
862 3337 939 3392 Ιιεολι.
963 3353 990 3405 p.
1015 3340 1049 3389 97
1083 3331 1226 3401 συνάξωσι

210 3410 287 3464 BbR
349 3416 384 3464 20
397 3428 479 3496 παρη
463 3409 594 3477 ᾗλθονο.
611 3407 734 3463 Sintenis
748 3409 809 3463 Em.
824 3407 903 3463 Dion
920 3407 1001 3476 IIIp.
1016 3412 1050 3460 22
1116 3412 1149 3460 21
1165 3412 1227 3469 τοῖς

209 3501 267 3534 των
286 3476 480 3534 ἀπαντώντων
498 3479 601 3534 Βείελῐε
619 3486 679 3542 τοῖς
696 3475 833 3534 ἁπάντων
852 3478 876 3534 O
