2698 3982
560 275 727 330 -A-
1110 273 1153 340 89

135 435 193 502 καί
225 426 330 514 αὖθις
353 435 482 523 ἔτερος·
515 435 552 502 ἐν
574 434 682 526 τούτῳ
701 435 859 523 τυγχάνει
881 461 932 516 τις
959 431 1063 504 είπάν
1090 441 1155 502 είτε

135 544 205 610 τῶν
219 546 363 610 Αἰνείου
384 544 526 628 παίδων,
549 538 594 621 ύς
607 541 708 628 λόγος
731 547 808 629 ἔχει,
831 551 897 612 είτε
918 546 986 612 τῶν
1011 537 1154 628 ὁμοσκύ·

135 671 225 734 νων,
245 643 333 715 Ἀλλ’
358 644 441 735 ἡμίν
462 671 500 733 γε
522 646 588 734 ἤδη
611 649 667 716 καὶ
689 645 711 735 ἡ
732 647 875 732 τράπεζα
897 645 1154 733 κατεδήδεσται·
1222 715 1228 728 ,

137 751 183 834 ὡς
206 752 245 821 δὲ
266 755 367 824 τοῦτο
389 751 552 840 ἤκουσαν,
575 751 719 835 ἀπαντες
740 751 1019 844 ἀνεθορύβησαν,
1047 749 1092 832 άς
1113 747 1155 820 τδι

137 863 252 947 πρῶτα
273 861 336 928 τού
359 859 587 948 μαντεύματος
609 859 675 947 ἤδη
689 865 787 948 σφίσι
799 861 894 941 τύλος
917 865 996 948 ἔχοι.
1025 851 1070 945 ἦν
1089 825 1196 952 γάρέ

136 992 170 1034 τι
187 967 364 1052 θέσφατον
382 963 505 1053 αύτοίς,
523 963 569 1046 ὡς
587 967 649 1053 μέν
667 991 757 1047 τινες
770 968 929 1053 λέγουσιν
945 968 982 1034 ἐν
998 961 1154 1050 Δωδώνη

137 1070 335 1158 γενόμενον,
359 1067 405 1152 ιδς
427 1069 456 1138 δ’
482 1074 589 1158 ἕτεροι
611 1071 805 1162 γράφουσιν
832 1075 871 1141 ἐν
894 1074 1026 1162 ἐρυθρᾷ
1048 1071 1155 1159 χέρσῳ

137 1182 198 1265 τῆς
229 1176 342 1265 Ἴδης,
388 1183 475 1247 ἔνθα
515 1177 596 1271 ςδιιει
637 1183 790 1266 Σίβυλλα
831 1181 993 1266 ἐπιχωρία
1037 1175 1155 1264 νύμφη

80 1281 352 1374 ιειχρησμφδός,
375 1279 397 1370 ἣ
418 1281 533 1365 αύτοίς
556 1289 681 1372 ἔφρασε
694 1292 790 1353 πλεῖν
809 1287 862 1354 ἐπὶ
882 1287 1022 1372 δυσμῶν
1044 1281 1155 1370 ἡλίου,

137 1393 220 1472 τέως
237 1387 343 1470 ἀνείς
359 1395 460 1460 τοῦτο
477 1389 515 1460 τὸ
530 1396 657 1478 χωρίον
675 1395 834 1476 ἔλθωσιν,
858 1383 937 1483 ἐνῷ
957 1391 1155 1460 κατέδονται
1168 1415 1196 1458 ιο

137 1495 198 1578 τάς
218 1500 396 1586 τραπέζας·
419 1495 502 1566 ὅταν
524 1496 562 1565 δὲ
575 1501 675 1566 τοῦτο
699 1497 836 1586 μάθωσι
858 1496 1057 1585 γενόμενον,
1079 1493 1154 1582 ἡγε-

137 1603 229 1690 μόνα
263 1602 450 1690 τετράποδα
485 1606 753 1691 ποιησαμένους,
790 1601 877 1673 ὅπου
912 1601 957 1674 ἀν
990 1602 1079 1691 κάμη
1115 1598 1154 1670 τὸ

138 1715 243 1802 ζῷον,
272 1711 422 1779 ἐνταῦθα
452 1713 636 1797 δείμασθαι
663 1709 773 1779 πόλιν.
817 1713 918 1779 τοῦτο
948 1709 990 1797 δὴ
1013 1707 1053 1778 τὸ
1075 1696 1195 1776 &so-5

137 1815 286 1902 πρόπιον
316 1814 607 1903 ἀναμνησθέντες,
640 1820 676 1884 οί
705 1815 767 1904 μὲν
795 1815 837 1885 τά
869 1817 928 1903 ἕδη
960 1819 1029 1884 τῶν
1060 1818 1155 1882 θεῶν

138 1927 282 1990 Αίνείου
304 1921 525 2002 κελεύσαντος
547 1926 595 2002 είς
612 1920 650 1990 τὸ
664 1920 870 2010 ἀποδειχθὲν
893 1926 1019 2009 χωρίον
1042 1921 1079 1988 ἐκ
1096 1921 1155 2006 τῆς
1169 1935 1197 1976 ¹⁶

137 2024 224 2108 νεάς
252 2029 426 2115 ἐξέφερον,
455 2029 490 2095 οἱ
516 2027 553 2095 δὲ
575 2027 692 2116 βάθρα
718 2029 775 2096 καὶ
804 2025 939 2114 βωμούς
960 2023 1156 2094 κατεσκεύα-

139 2139 197 2216 ζον
222 2132 346 2219 αὐτοῖς,
369 2137 407 2202 αί
429 2133 466 2202 δὲ
479 2147 636 2220 γυναίκες
659 2132 807 2222 ὀλολυγῇ
829 2134 885 2202 καί
904 2138 1050 2222 χορείαις
1072 2130 1170 2219 χρύ-Ι

138 2265 239 2328 μεναι
264 2240 486 2328 παρεκόμιζον
512 2238 554 2308 τά
583 2239 672 2326 ἱερά,
701 2243 737 2308 οί
757 2239 795 2308 δὲ
817 2239 904 2328 ἀμφὶ
930 2238 990 2308 τὸν
1014 2242 1157 2306 Αἰνείαν

137 2352 474 2434 παρασκευασθείσης
486 2351 612 2427 θυσίας
631 2351 763 2434 ἔχοντες
775 2345 856 2427 τοὺς
878 2345 1068 2433 στεφάνους
1079 2343 1156 2432 περὶ

137 2451 200 2521 τὸν
222 2451 341 2540 βωμὸν
363 2458 515 2539 ἔστησαν.
1169 2465 1197 2504 ¹0

228 2561 312 2628 LVI
346 2558 403 2628 Ἰδν
430 2551 457 2652 ᾦ
486 2560 524 2628 δὲ
554 2551 648 2628 οὗτοι
677 2557 737 2640 τάς
765 2557 863 2647 εύχάς
892 2557 1107 2647 ἐποιήσαντο,
1136 2555 1156 2646 ἡ

139 2668 309 2754 μέλλουσα
344 2671 593 2754 καθιεροῦσθαι
630 2658 671 2747 ὗς
708 2665 863 2753 ἐγκύμων
900 2657 986 2734 ούσα
1022 2667 1078 2733 καί
1115 2663 1156 2733 ού

138 2772 257 2860 πρόσω
278 2772 382 2842 τόκου
403 2775 662 2862 καταρχομένων
685 2769 789 2859 αύτῆς
807 2777 876 2840 τάν
898 2769 1061 2860 θυτήρων
1085 2774 1157 2838 δια-

140 2883 321 2967 σεισαμένη
335 2881 399 2982 ὶκαὶ
418 2878 643 2968 ἀποφυγοῦσα
661 2878 740 2960 τούς
763 2879 962 2966 κατέχοντας
983 2875 1064 2946 ἀνω.
1080 2881 1157 2961 [θα-

213 3046 227 3093 1
253 3033 394 3112 ἐντούτῳ
417 3039 520 3094 Reiske
544 3035 634 3095 τούτω
657 3037 680 3093 Β
712 3039 796 3094 τούτο
814 3039 840 3092 R
931 3043 946 3092 7
975 3031 1085 3106 ἐρυθρά
1108 3033 1131 3088 Β
1152 3033 1157 3106 l

140 3105 279 3179 ἕρνθραῑς
296 3111 321 3163 Α
337 3113 342 3179 Ι
358 3109 481 3180 *αχετίω
501 3111 554 3165 ΑΒ
588 3107 689 3180 σχεδὸν
709 3109 831 3180 δγΙθοτς
854 3109 946 3178 χαρίω
963 3108 1066 3162 Portus
1088 3121 1158 3174 οτη-

138 3183 211 3253 λαίῳ
230 3197 252 3235 ο.
271 3181 375 3236 Reiske
394 3183 549 3254 χρηστηρίῳ
573 3198 596 3236 ο.
619 3181 742 3236 Sintenis
759 3182 820 3235 Em.
839 3161 956 3234 Diomh
974 3195 1002 3248 p.
1022 3183 1038 3231 3
1066 3179 1157 3250 πεδίῳ

140 3251 269 3306 Schaller
287 3247 377 3325 ἐχυρῷ
396 3253 542 3307 Meutzner
555 3255 630 3308 Ann.
645 3252 714 3322 phil.
731 3257 799 3308 1877
817 3269 845 3320 p.
866 3255 919 3305 82⁷
991 3254 1008 3304 8
1027 3243 1097 3315 ἤδης
1111 3247 1158 3303 Ba

138 3319 439 3450 ιδιάδίδδδξέξ
455 3318 648 3449 δίιδίιῖίίῖ
662 3323 715 3448 δί
779 3318 969 3448 δι”ἔδέιοί
984 3314 1016 3458 ¹?
1036 3334 1090 3445 δῖ·
1109 3318 1157 3444 ἀί

137 3459 242 3535 ιιάμφη
261 3481 284 3519 ο.
300 3465 406 3520 Usener
423 3465 492 3520 Mus.
501 3466 590 3520 Rhen.
600 3463 678 3519 XXV
698 3471 750 3520 610
814 3457 898 3524 λθάς
917 3456 1048 3532 ἐγκύμων
1086 3463 1158 3524 ςΑο

175 3541 212 3590 24
230 3531 291 3590 ἀνω
311 3535 334 3590 Ο
353 3531 410 3590 ἀπὸ
431 3553 453 3592 ο.
473 3535 616 3605 Kiessling
631 3537 636 3604 1
652 3529 820 3603 *θαλάττης
837 3531 931 3590 delevi
