2698 3982
565 239 729 292 -A-
1111 239 1151 304 λλ

135 425 241 468 κειται
262 397 299 465 δὲ
317 395 407 491 αὐτῷ
429 395 447 467 ὁ
467 397 568 484 λόγος
585 396 761 492 άρξαμέυφ
780 397 844 468 άπὸ
860 401 961 486 (τῆς)
982 396 1155 486 Ἀχιλλέως

136 510 246 594 ταφής
268 504 329 574 τὸν
351 505 478 594 τρόπον
501 505 620 575 τόνδε·
653 503 825 593 “Ἀχαιοὺς
848 503 879 573 δ’
905 503 985 593 άνίη
1008 503 1075 594 είχε
1097 507 1153 576 ιιαί

138 611 277 682 ἐδόκεον
299 615 359 700 τής
382 616 537 700 στρατιῆς
558 610 620 700 τήν
643 610 795 700 κεφαλήν
818 610 1022 702 ἀπηράχθαι.
1063 612 1154 700 ὅμως

83 733 136 783 122
144 719 182 788 δὲ
204 718 314 806 τάφον
338 717 428 811 αὐτῷ
454 722 629 800 δαίσαντες
652 720 831 808 ἐπολέμεον
850 725 907 810 βίχ
930 719 1036 808 πάσῃ,
1059 718 1154 807 άχρις

127 825 234 906 Ἴλιος
257 825 343 894 ἑάλω
359 830 501 894 Αἰνείεω
525 825 693 906 ἐνδόντος.
725 830 863 913 Αἰνείης
876 823 940 914 γάρ
963 825 1075 906 άτιτος
1088 824 1180 898 &dm

138 932 204 1002 ὑπὸ
221 931 445 1022 Ἀλεξάνδρου
466 934 522 1002 καί
545 931 610 1002 άπὸ
625 935 752 1021 γερέων
772 936 900 1022 [ίερεόν]
924 931 1154 1021 ἐξειργόμενος

137 1038 301 1126 ἀνέτρεψε
315 1045 490 1128 Πρίαμον·
513 1038 738 1128 ἐργασάμενος
758 1039 795 1107 δέ
818 1044 922 1110 ταῦτα
945 1035 993 1120 είς
1012 1038 1153 1128 Ἀχαιῶν

139 1147 317 1234 έγεγόνει’.
363 1144 460 1215 ἄλλοι
494 1148 534 1216 δέ
558 1173 647 1227 τινες
674 1147 727 1214 έπί
754 1150 814 1216 τοῦ
841 1145 1065 1234 ναυστάθμου
1091 1150 1194 1226 τοῦ4

143 1258 296 1342 Τρωικοῦ
318 1266 432 1342 τυχεῖν
460 1249 565 1320 αὐτὸν
588 1256 770 1339 τηνικαῦτα
799 1256 1015 1340 διατρίβοντα
1037 1253 1153 1340 λέγου-

139 1379 212 1446 σιν,
240 1363 275 1428 οἰ
302 1358 333 1426 δ’
364 1363 413 1440 εἰς
445 1364 599 1446 Φρυγίαν
627 1357 877 1448 ἀπεσταλμένον
905 1358 970 1428 ὑπὸ
994 1359 1154 1449 Πριάμου
1168 1391 1194 1430 ιο

139 1465 221 1555 μετὰ
255 1467 430 1554 δυνάμεως
462 1469 519 1536 έπί
541 1493 618 1534 τινα
650 1470 765 1555 χρείαν
798 1465 1055 1556 στρατιωτικήν·
1088 1469 1153 1535 εἰσί

140 1571 171 1641 δ’
198 1579 234 1640 οἳ
254 1574 517 1660 μυθωδεστέραν
540 1571 645 1640 αὐτοῦ
662 1575 798 1640 ποιοῦσι
821 1571 883 1660 τήν
898 1575 1025 1654 ἔξοδον.
1054 1576 1152 1661 έχέτω

140 1677 171 1746 δ’
198 1676 262 1766 ὅπῃ
286 1705 335 1759 τις
358 1676 462 1746 αὑτὸν
485 1683 605 1748 πείθει.

206 1787 439 1854 XXXXVIIII.
480 1782 527 1852 Τά
559 1785 596 1853 δὲ
625 1783 705 1874 μετά
735 1785 797 1874 τήν
828 1789 946 1867 ἔξοδον
976 1791 1022 1854 ἔτι
1050 1793 1152 1856 πλείω

138 1894 275 1980 παρέχει
304 1905 374 1972 τοῖς
404 1899 541 1970 πολλοῖς
570 1889 632 1978 τήν
662 1891 816 1979 άπορίαν.
863 1895 898 1960 οἰ
919 1891 980 1978 μὲν
1003 1890 1067 1984 γάρ
1092 1896 1154 1975 ἕως
1168 1923 1193 1962 15

139 1998 274 2088 Θράκης
296 1996 478 2084 ἀγαγόντες
501 1995 606 2066 αὐτὸν
630 2001 698 2068 ἐκεῖ
719 2001 854 2085 λέγουσι
877 2001 1070 2086 τελευτῆσαι
1092 1999 1153 2068 τὸν

138 2110 234 2192 βίον,
258 2095 306 2172 ὧν
330 2105 399 2173 ἐστι
422 2103 592 2190 Κεφάλων
615 2131 650 2173 τε
679 2101 696 2173 ὁ
721 2095 900 2194 Γεργίθιος
922 2105 977 2172 καὶ
995 2103 1153 2193 Ἡγήσιπ-

138 2237 203 2291 πος
225 2209 289 2298 <ὁ>
312 2212 388 2298 περί
411 2210 593 2298 Παλλήνης
617 2211 762 2299 γράψας,
791 2211 913 2302 ἄνδρες
936 2209 1069 2300 άρχαίοι
1098 2215 1154 2281 καὶ

139 2317 246 2404 λόγου
269 2315 366 2398 άξιοι.
398 2319 504 2406 ἕτεροι
529 2319 566 2386 δὲ
580 2321 616 2386 έκ
630 2319 762 2408 Θρᾴκης
784 2317 1031 2406 ἀναστήσαντες
1049 2317 1153 2387 αὐτὸν

141 2427 204 2504 ἕως
228 2421 404 2512 Ἀρκαδίας
430 2431 730 2512 παρακομίζουσιν,
763 2429 896 2511 οίκήσαι
926 2425 963 2492 δὲ
994 2427 1153 2512 λέγουσιν
1167 2455 1194 2494 ιο
1288 2429 1291 2434 ’

139 2532 177 2599 έν
197 2527 385 2624 Ὀρχομενῷ
400 2557 435 2598 τε
449 2535 494 2622 τῷ
516 2528 717 2623 Ἀρκαδικῷ,
735 2533 790 2598 καί
805 2531 911 2623 Νήσφ
927 2530 965 2598 δὲ
979 2533 1153 2620 λεγομένῃ,

83 2653 137 2704 128
145 2643 264 2725 καίπερ
294 2635 378 2725 οὔσῃ
403 2636 604 2724 μεσόχθονι,
627 2635 692 2705 άπὸ
716 2637 886 2724 τελμάτων
909 2639 965 2705 καί
988 2641 1152 2725 ποταμοῦ·

138 2741 199 2824 τάς
229 2770 264 2810 τε
296 2745 506 2830 καλουμένας
535 2741 676 2824 Καπύας
698 2748 839 2812 Αἰνείου
870 2771 906 2812 τε
938 2745 993 2812 καί
1027 2744 1153 2832 Τρώων

138 2849 314 2920 άπόκτισιν
339 2847 437 2936 εἶναι,
451 2850 592 2930 Καπύας
616 2848 864 2937 ὀνομασθείσας
886 2849 951 2918 άπὸ
970 2855 1031 2919 τοῦ
1049 2859 1152 2939 Τρωο

212 3017 226 3065 1
251 3005 329 3080 αὐτῷ
353 3005 368 3064 ὁ
392 3006 474 3079 λόγος
496 3005 564 3063 B
552 3029 567 3064 ο
592 3005 673 3079 λόγος
696 3004 773 3080 mimi
797 3012 822 3064 R
855 3013 886 3136 {B
894 3007 951 3064 άπὸ
975 3011 1024 3102 τής
1051 3010 1152 3064 Reiske

137 3081 586 3240 Κίσεεβλόξςὸῦίωῃξθεῖρήάμεὲἰ
553 3101 586 3205 δέῃ
606 3065 799 3207 ΒᾸθὶδδθοίιαν
776 3083 886 3207 {WB
878 3159 910 3207 12
939 3079 1153 3240 ςνῗιθιδδέόοξέήάδί

137 3225 186 3279 Ba
241 3229 274 3278 13
294 3219 383 3279 αὐτὸν
401 3224 447 3277 Ba
501 3229 534 3276 17
553 3223 595 3293 τε]
616 3223 688 3278 duae
706 3223 762 3278 1111
777 3241 872 3279 erasae
891 3224 914 3277 B
930 3217 962 3290 Ι
951 3241 966 3274 ο
985 3223 1049 3276 add
1060 3221 1153 3276 Κίεεε-

138 3295 202 3364 ling
220 3311 273 3348 om.
295 3294 317 3350 0
344 3297 348 3361 Ι
373 3289 526 3364 γεργήθιος
545 3293 592 3348 Bb
617 3297 621 3362 Ι
648 3289 802 3363 ἡγήοιοςΒ
865 3301 898 3349 21
919 3293 968 3348 καὶ
985 3289 1061 3361 νήσω
1081 3290 1153 3348 M

970 3455 1027 3490 απο
1069 3437 1141 3491 fiohe

138 3365 188 3421 καλ
207 3359 284 3434 νήσω
303 3367 326 3419 Β
348 3365 398 3419 καί
416 3365 471 3420 del.
492 3365 603 3435 Sauppe
621 3365 693 3434 Eph.
713 3364 789 3422 Gott,
769 3367 875 3421 11861
895 3383 930 3491 (ρ.
942 3369 1023 3504 Ι1868
1045 3365 1153 3490 kym-

137 3434 212 3576 μένῃ
193 3451 254 3504 ηα
273 3437 376 3492 Reiske
447 3443 481 3490 22
505 3437 557 3490 καί
572 3453 625 3506 περ
645 3435 803 3506 Stephanus
827 3437 876 3491 καί

150 3523 181 3562 er
213 3505 355 3577 Meinelm,
372 3502 473 3562 όπὸΟ
