2698 3982
569 253 733 308 -Α-
1116 250 1159 316 39

144 443 199 498 τος
221 413 455 501 ἐξαιρούμενοι
477 413 535 495 τὰς
558 411 717 502 ἀπαρχάς,
740 425 811 492 τοῖς
825 437 859 480 τε
873 421 969 492 θεοτς
990 409 1031 480 τά
1047 413 1160 478 δίκαια

144 520 330 610 ὑπουργεῖν
367 520 541 604 ἀξιοῦντες
572 521 627 588 καὶ
660 515 888 606 στασιασμοὺς
919 520 955 586 έκ
986 521 1055 586 τῶν
1089 519 1159 584 δια-

146 628 326 698 λαθόντων
342 627 499 708 δεδιότες.
522 619 566 714 ήν
582 627 619 696 δὲ
632 623 719 695 πολὺ
732 625 787 693 καὶ
801 623 839 694 τὸ
854 622 938 712 πρὸς
952 629 1080 711 ἔχθραν
1095 620 1160 692 σὺν

145 735 311 824 προφάσει
344 731 503 822 εὐπρεπεῖ
532 731 806 829 ἀπελαυνόμενον
839 727 904 800 ὑπὸ
938 734 1006 799 τῶν
1040 728 1160 818 διαφό-

94 853 128 904 65
146 864 229 930 ρων·
258 839 343 910 ὥστε
366 841 486 909 πολλαὶ
510 842 547 907 αἱ
573 837 817 919 ἀπαναστάσεις
844 841 1000 925 ἐγίνοντο
1022 837 1078 904 καὶ
1106 835 1187 904 έπλῡ

13 949 14 954 ’
145 957 302 1017 πλείστου
326 944 446 1034 γῆςτὸ
475 941 684 1031 Πελασγικὸν
706 947 805 1031 γένος
828 943 1028 1032 διεφορήθη.

234 1055 336 1122 XXV.
354 1045 461 1120 Ἦσαν
485 1051 523 1120 δέ
545 1051 585 1120 τά
599 1078 634 1120 τε
657 1054 797 1139 πολέμια
813 1053 848 1120 έκ
862 1055 923 1120 τοῦ
947 1047 1027 1138 μετὰ
1045 1047 1161 1118 κινδύ-

146 1188 217 1230 νων
245 1163 450 1246 πεποιῆσθαι
473 1157 531 1238 τὰς
558 1161 695 1245 μελέτας
717 1161 754 1227 έν
784 1163 900 1228 ἔθνεσι
923 1158 1162 1245 φιλοπολέμοις

147 1271 266 1350 ζῶντες
287 1267 423 1333 πολλῶν
447 1261 607 1352 ἀμείνους
628 1265 757 1351 καὶτῆς
778 1262 860 1334 κατὰ
874 1263 914 1333 τά
937 1260 1078 1334 ναυτικὰ
1093 1263 1161 1330 έπι-

147 1373 271 1460 στήμης
295 1368 352 1438 διὰ
373 1367 436 1457 τήν
460 1369 540 1458 μετά
563 1375 748 1460 Τυρρηνῶν
773 1379 904 1458 οἴκησιν
927 1371 980 1439 έπὶ
1002 1377 1161 1438 πλεῖστον
1175 1403 1202 1442 10

147 1477 359 1566 ἐληλακότες·
391 1473 413 1563 ή
440 1504 476 1546 τε
508 1475 637 1564 ἀνάγκη
671 1475 769 1564 ἱκανή
800 1469 885 1546 οὖσα
913 1491 984 1556 τοῖς
1015 1473 1162 1564 ἀπορου-

146 1589 261 1674 μένοις
287 1589 366 1670 βίου
394 1582 522 1670 τόλμαν
549 1599 733 1672 παρασχεῖν
762 1581 895 1672 ήγεμεόν
922 1611 957 1652 τε
987 1583 1043 1651 καὶ
1068 1580 1162 1650 διδά-

147 1699 269 1770 σκαλος
303 1693 365 1757 τοῦ
401 1687 526 1770 παντὸς
561 1689 827 1778 κινδυνεύματος
871 1688 985 1770 αὐτοῖς
1021 1691 1162 1776 ἐγένετο,

146 1796 231 1868 ὥστε
264 1793 306 1864 οὐ
337 1799 487 1882 χαλεπῶς
519 1794 584 1883 ὅπη
617 1798 793 1866 ἐπέλθοιεν
830 1795 1043 1884 ἐπεκράτουν.
1089 1797 1203 1876 gua-2

146 1908 270 1973 λοῦντο
294 1899 332 1968 δέ
354 1899 419 1970 ὑπὸ
443 1907 511 1970 τάν
534 1901 648 1972 ἀλλων
671 1901 865 1992 ἀνθρώπων
899 1905 958 1989 τῆς
989 1928 1024 1970 τε
1052 1900 1163 1988 χώρας
1177 1933 1203 1974 ιι

147 2008 316 2095 ἐπικλήσει
339 2006 398 2094 ἀφ’
424 2000 464 2096 ής
487 2012 709 2097 ἐξανέστησαν
722 2011 778 2078 καὶ
800 2013 861 2078 τοῦ
875 2011 1020 2078 παλαιοῦ
1043 2009 1164 2094 γένους

93 2139 128 2187 οο
148 2117 262 2207 μνήμη
287 2117 322 2182 ολ
342 2113 438 2184 αὐτοὶ
467 2119 637 2206 Τυρρηνοὶ
659 2118 714 2186 καλ
738 2121 916 2202 Πελασγοί.
949 2105 997 2182 τόν
1014 2105 1085 2200 ’ἐγὼ
1108 2111 1163 2180 λό-

147 2251 210 2312 γον
234 2219 441 2308 ἐποιησάμην
464 2227 525 2290 τοῦ
550 2222 595 2311 μή
618 2227 695 2292 τίνα
717 2225 834 2309 θαῦμα
861 2229 1049 2304 ποιεῖσθαι,
1077 2221 1162 2286 έπει-

93 2350 127 2400 61
149 2329 213 2398 δάν
240 2329 388 2411 ποιητῶν
417 2322 438 2413 ή
473 2331 696 2416 συγγραφέων
729 2326 834 2416 ἀκοάη
861 2324 941 2406 τοὺς
966 2321 1166 2411 Πελασγοὺς

147 2437 203 2506 καὶ
230 2431 426 2520 Τυρρηνοὺς
457 2432 709 2522 ὀνομαζόντων,
739 2438 810 2514 πῶς
839 2431 1029 2521 ἀμφοτέρας
1063 2437 1163 2518 έσχον
1177 2455 1203 2494 εο

147 2541 204 2622 τάς
234 2542 426 2626 ἐπωνυμίας
457 2544 492 2608 ολ
519 2539 624 2610 αὐτοί.
671 2545 736 2626 ἔχει
766 2537 830 2628 γὰρ
860 2541 935 2628 περὶ
964 2536 1076 2607 αὐτῶν
1107 2526 1204 2606 καὶ3

147 2648 360 2732 Θουκυδίδης
375 2645 437 2732 μέν
452 2649 576 2734 έναργή
596 2643 697 2734 ἀκτής
714 2651 772 2734 τῆς
789 2652 935 2736 Θρᾳκίας
954 2644 1090 2732 μνήμην
1109 2645 1165 2712 καὶ

219 2832 236 2878 2
264 2819 458 2891 διαλαχόντων
485 2842 508 2879 ο.
539 2825 641 2879 Slbur
688 2821 735 2878 ἀεὶ
762 2818 907 2894 λαχόντων
935 2841 957 2876 ο.
983 2822 1071 2877 Cobet
1101 2821 1163 2877 obs.

147 2919 175 2969 p.
203 2900 238 2950 25
266 2888 471 2949 ἀπελαθέντων
499 2913 522 2952 ο.
573 2843 687 2950 δολιοῗοι·
777 2901 793 2949 3
825 2885 899 2962 ήσαν
927 2891 959 2948 δὲ
991 2895 1088 2948 πολλοὶ
1115 2893 1164 2948 ΑΒ

191 2973 207 3022 5
233 2960 481 3029 έπαναοτάσειςΒ
553 2966 637 3034 θτής
656 2967 707 3034 γῆς
732 2970 736 3036 Ι
762 2961 979 3034 διεφορήθησαν
1003 2981 1072 3019 voce
1090 2955 1164 3031 ήοαν

149 3041 252 3098 omissa
276 3033 329 3088 AB
401 3043 416 3090 1
439 3057 469 3092 τε
488 3037 552 3092 add.
572 3035 714 3105 Kiessling
786 3043 851 3092 8τε
870 3035 1047 3104 πεποιῆσθαι
1066 3034 1113 3088 Bb
1136 3053 1165 3088 τε

33 3163 43 3184 ,
148 3109 337 3168 πεποιεῑτθοιι
354 3106 401 3161 Ba
419 3111 568 3163 ποιεῖσθαι
586 3112 626 3174 Α,
646 3125 715 3163 corr.
734 3107 846 3163 Ritschl
919 3113 951 3160 11
972 3100 1166 3160 ἀπολελαυκό-

150 3203 196 3245 τες
216 3178 255 3245 0,
276 3193 346 3231 corr.
366 3175 525 3248 Stephanus
598 3185 631 3233 12
649 3198 679 3232 τε
701 3195 754 3234 om.
774 3181 799 3233 A
878 3183 911 3231 13
930 3177 981 3232 τοῦ
1001 3176 1054 3230 del.
1076 3175 1166 3229 Sinsse-

149 3255 193 3308 nis
220 3249 285 3304 Em.
312 3247 394 3304 Dion.
417 3249 429 3303 I
457 3269 485 3320 p.
511 3258 544 3306 10
635 3255 668 3304 19
692 3247 759 3312 τούς
787 3248 810 3303 Ο
840 3243 947 3310 αὐτοὺς
974 3263 998 3301 ο.
1024 3246 1167 3317 Kiessling

184 3329 218 3378 21
238 3317 304 3386 περὶ
323 3313 419 3373 αὐτῶν
438 3323 463 3375 A
482 3323 531 3376 καὶ
549 3321 614 3388 περὶ
633 3315 729 3375 αὐτῶν
748 3319 770 3373 Β
789 3337 858 3374 corr.
877 3317 995 3386 Ritsth
1015 3317 1070 3373 del.
1089 3317 1167 3372 Mad-

148 3395 197 3466 vig
221 3391 293 3446 Adv.
314 3389 327 3442 I
354 3408 382 3459 p.
407 3397 460 3446 723
537 3399 570 3446 22
590 3393 767 3459 θουιιυδέδης
786 3388 838 3461 μὲν
859 3387 890 3444 έν
909 3389 962 3442 ΑΒ
978 3389 983 3460 Ι
998 3383 1100 3458 ἀρκτηι
1118 3389 1168 3457 τῆς

146 3520 273 3590 θρακίας
288 3513 429 3588 μνήμηιΑ
447 3475 551 3592 άρχήτηί
562 3517 613 3585 της
631 3516 757 3585 θρακέας
776 3508 872 3582 μνήμη
892 3514 915 3567 Β
931 3515 935 3582 Ι
954 3510 1012 3582 ἔχει
1033 3509 1087 3583 γάρ
1102 3512 1168 3580 περὶ
