2698 3982
203 251 225 312 4
630 244 793 298 -ι-

204 407 349 495 Μήδους
371 404 681 492 καταγωνισάμενοι
704 407 762 488 τῆς
790 403 851 491 μὲν
871 401 981 482 Ἀσίας
1005 400 1122 490 ὀλίγον
1146 407 1219 472 δεῖν

205 513 314 600 πάσης
336 516 552 592 τελευτῶντες
580 510 782 598 ἐκράτησαν,
810 510 1076 597 ἐπιχειρήσαντες
1103 510 1141 579 δὲ
1163 512 1219 580 καὶ

203 633 274 700 τοῖς
297 617 511 707 Εὐρωπαίοις
535 623 672 688 ἔθνεσιν
697 614 738 686 ού
761 617 868 684 πολλά
889 613 1120 703 ὑπηγάγοντο,
1144 619 1218 704 χρό-

205 753 269 795 νον
291 753 327 794 τε
350 725 393 795 ού
416 729 527 817 πολλῷ
547 730 686 793 πλείονα
706 727 889 792 διακοσίων
908 725 992 791 ἐτων
1011 727 1146 810 ἔμειναν
1166 724 1219 792 ἐπὶ

165 820 313 948 3τῆς’
294 837 407 920 αρχῆς.
452 831 473 919 ἡ
508 831 545 900 δὲ
575 829 791 918 Μακεδονικὴ
827 834 1006 898 δυναστεία
1037 828 1100 916 τὴν
1131 838 1219 918 Περ-

179 906 278 1008 5σων
314 943 507 1008 καθελοῦσα
544 937 643 1026 ίσχύν
678 939 814 1068 μεγέθει
849 933 969 1066 μδν’
949 940 1055 1024 αρχῆς
1090 934 1220 1017 ἁπάσας

204 1043 426 1132 ὑπερεβάλετο
458 1044 517 1124 τάς
548 1043 612 1128 πρὸ
646 1043 763 1131 αύτῆς,
796 1043 924 1131 χρόνον
957 1043 994 1111 δὲ
1022 1041 1103 1112 οὐδὲ
1135 1041 1219 1130 αύτη

205 1150 313 1220 πολύν
341 1151 508 1238 ἤνθησεν,
541 1150 624 1219 άλλά
656 1149 736 1238 μετά
770 1149 831 1237 τὴν
857 1147 1079 1236 Ἀλεξάνδρου
1111 1157 1220 1218 τελευ-

204 1257 268 1344 τὴν
288 1259 340 1326 ἐπὶ
353 1257 392 1326 τὸ
406 1272 521 1346 χεῖρον
535 1257 657 1346 ἤρξατο
677 1259 850 1345 φέρεσθαι.
888 1260 1136 1324 διασπασθεῖσα
1154 1255 1219 1343 γάρ

167 1386 193 1426 10
206 1369 254 1444 είς
276 1364 421 1444 πολλοὺς
448 1362 617 1451 ἡγεμόνας
644 1361 750 1443 εὐθὺς
777 1361 842 1431 άπὸ
869 1366 937 1431 τάν
967 1362 1136 1450 διαδόχων
1164 1363 1255 1434 καὶε
1332 1423 1338 1432 .

206 1469 275 1558 μετ’
306 1473 455 1551 ἐκείνους
483 1473 561 1557 άχρι
593 1475 652 1558 τῆς
680 1471 836 1557 δευτέρας
862 1465 884 1556 ἢ
912 1474 1024 1555 τρίτης
1055 1469 1220 1555 ἰσχύσασα

205 1584 386 1662 προελθεῖν
416 1581 548 1663 γενεάς,
577 1574 725 1662 ἀσθενὴς
753 1572 836 1662 αὐτη
866 1572 911 1643 δι’
943 1577 1062 1662 ἑαυτῆς
1090 1577 1219 1661 ἐγένετο

166 1678 262 1751 4καὶ
293 1686 478 1751 τελευτῶσα
509 1680 575 1752 ὑπὸ
605 1679 777 1769 Ῥωμαίων
809 1679 994 1769 ἠφανίσθη.
1051 1681 1107 1750 καὶ
1140 1679 1221 1750 οὐδὲ

207 1787 290 1876 αὕτη
318 1791 433 1876 μέντοι
461 1793 572 1856 πᾶσαν
600 1788 777 1876 ἐποιήσατο
806 1793 872 1875 γῆν
899 1815 933 1856 τε
960 1789 1015 1856 καὶ
1043 1787 1220 1857 θάλασσαν

167 1915 192 1956 15
206 1894 371 1984 ὑπήκοον·
404 1893 482 1964 ούτε
504 1894 569 1982 γάρ
592 1895 723 1982 Λιβύης
742 1893 792 1964 ὅτι
812 1895 856 1982 μη
879 1899 938 1982 τῆς
960 1893 1042 1982 πρὸς
1061 1895 1219 1988 Αἰγύπτῳ

207 1999 248 2071 ού
284 2006 410 2089 πολλῆς
452 2000 555 2089 ούσης
595 2001 792 2089 ἐκράτησεν,
833 2000 911 2069 ούτε
950 2001 1014 2088 τὴν
1042 1999 1220 2089 Εὐρώπην

206 2107 330 2196 ὅλην
313 2108 519 2195 υπηγάγετο,
544 2105 629 2175 άλλά
652 2111 720 2175 τάν
741 2107 780 2194 μ
781 2133 802 2174 ν
821 2112 965 2194 βορείων
984 2104 1086 2194 αύτῆς
1109 2135 1220 2196 μερωυ

206 2216 302 2303 με’χρι
329 2214 463 2305 Θράκης
490 2217 658 2302 προηλθε,
690 2239 758 2282 των
787 2211 819 2281 δ’
850 2214 1012 2301 εσπερίων
1041 2216 1136 2350 μέχρι
1163 2241 1222 2302 της

204 2318 381 2406 Ἀδριανης
403 2322 525 2407 κατέβη
549 2319 731 2406 θαλάσσης.

119 2401 147 2476 χ
167 2457 194 2496 εο
296 2428 353 2494 ΙΙΙ.
378 2426 483 2495 Ac
448 2453 509 2513 μεν
529 2417 593 2494 οὖν
612 2427 869 2513 ἐπιφανέσταται
886 2453 955 2514 των
973 2426 1165 2516 πρόσθεν“
1148 2455 1220 2516 ηγε-

206 2536 351 2618 μονιιὸν,
375 2529 415 2612 άς
437 2531 691 2620 παρειλήφαμεν
720 2533 755 2600 ἐκ
782 2537 840 2619 τῆς
864 2535 1026 2620 ἱστορίας,
1053 2533 1220 2622 τοσαύτην

206 2636 317 2725 άκμην
339 2665 374 2706 τε
396 2639 452 2706 καὶ
476 2637 575 2726 ἰσχύν
602 2643 766 2726 λαβοῦσαι
794 2638 1042 2727 κατελύθησαν·
1075 2639 1135 2721 τὰς
1156 2639 1220 2730 γάρ

202 2743 396 2832 Ἑλληνικάς
424 2745 584 2832 δυνάμεις
614 2743 676 2814 οὐκ
709 2744 803 2827 άξιου
831 2744 947 2827 αύταίς
970 2744 1221 2834 ἀντιπαρεξετά-

208 2857 288 2937 ζειν,
327 2849 403 2920 ούτε
435 2852 577 2938 μέγεθος
613 2850 717 2940 ἀρχῆς
754 2849 831 2920 ούτε
866 2852 993 2940 χρόνον
1026 2855 1222 2941 ἐπιφανείας

278 3088 294 3135 3
313 3077 423 3170 χρόνων
443 3100 472 3136 τε
493 3076 526 3136 ού
547 3083 638 3152 πολλῷ
657 3087 755 3137 πλείου
774 3084 926 3138 διακοσίων
946 3081 980 3154 ἔμ
982 3083 1099 3139 ειναυΒ
1119 3087 1148 3139 ελ
1166 3083 1222 3140 nini

208 3152 282 3221 quod
301 3150 386 3207 πλέον
406 3151 505 3207 Suidas
578 3158 593 3206 7
615 3156 644 3208 et
663 3159 697 3207 14
716 3147 789 3222 αύτη
812 3105 980 3210 ΒιῖοΙιεΙοιμ
969 3150 1044 3222 αύτή
1064 3154 1086 3209 Ο
1104 3156 1108 3227 Ι
1126 3151 1222 3224 ἐποιή·

209 3241 276 3277 σατο
299 3223 394 3278 πᾶσαν
417 3222 439 3277 Β
532 3229 564 3277 16
589 3218 622 3278 ού
649 3225 751 3292 πολλῆς
780 3225 959 3280 casaubonus
983 3225 1020 3279 ad
1042 3225 1140 3296 Poly.b
1158 3228 1184 3314 Ι,
1191 3177 1220 3281 ηλ

208 3295 309 3361 πολλῆς
332 3288 386 3348 ούκ
411 3289 497 3374 ούσης
522 3293 645 3363 luteam,
671 3293 808 3364 Sintenis,
827 3295 982 3384 Kiessling,
1019 3245 1114 3366 ὀλίγης
1138 3293 1223 3366 ούσης

208 3364 337 3419 ΜείιιεΙιε
357 3366 426 3418 Anu.
446 3363 516 3434 phil.
537 3369 657 3435 18631).
676 3371 727 3420 371
764 3337 852 3428 πέλας
875 3362 960 3452 ούσης
983 3367 1126 3423 Meutzner
1150 3368 1222 3425 Ann.

208 3435 279 3505 phil.
306 3440 425 3505 1877p.
445 3441 496 3490 817
589 3442 622 3491 18
647 3434 736 3505 μόνον
760 3439 824 3506 pout
848 3433 961 3512 Θρᾴκης
984 3438 1030 3494 vel
1052 3440 1117 3508 post
1138 3435 1221 3510 Ἀδρι-

208 3506 279 3576 ανῆς
297 3507 361 3562 add.
379 3505 483 3563 Reiske
