2670 3984
223 205 292 272 *138
651 210 818 263 -A-

187 365 350 455 3τρόπος
376 363 397 454 ἢ
425 365 541 456 καιρὸς
568 371 616 447 είς
642 365 704 454 τὴν
735 369 889 436 ἐπίθεσιν
913 367 1108 456 ἐπιτήδειος.
1154 360 1243 460 ένῶ

228 473 266 542 δέ
302 465 398 543 οὗτοι
433 474 510 561 περὶ
545 472 638 543 ταῦτ’
671 465 758 561 ἦσαν
796 471 815 543 δ
856 474 1045 556 Φαιστύλος
1081 473 1245 561 ἀπάγεται

225 577 310 668 πρὸς
329 578 494 667 Ἀμόλιον.
541 577 702 660 δεδοικῶς
730 579 795 668 γὰρ
823 580 868 668 μὴ
897 579 940 650 ού
960 579 1061 650 πιστὰ
1091 579 1173 670 δόξη
1197 585 1243 674 τῷ

226 688 394 775 Νεμέτορι
424 688 535 774 λέγειν
564 685 761 775 δΡωμύλος
791 685 875 756 ἀνευ
903 693 1052 776 σημείων
1080 689 1244 776 ἐμφανῶν

186 828 199 868 ι
226 792 375 882 μεγάλου
420 793 613 882 πράγματος
655 792 804 882 μηνυτὴς
840 793 1038 882 γενόμενος,
1074 791 1112 864 τὸ
1149 793 1288 882 γνῶ-214

227 920 330 990 ρισμα
351 905 412 988 τῆς
434 902 599 982 ἐνθέσεως
620 904 690 970 τῶν
712 904 851 990 βρεφῶν
873 899 937 988 τὴν
960 900 1095 989 σκάφην
1118 898 1243 970 ἀναλα-

185 1005 299 1094 4βῶν
328 1006 446 1094 ὀλίγον
473 1005 617 1097 ὕστερον
645 1010 785 1078 ἐδίωκεν
817 1013 865 1090 είς
897 1006 959 1098 τὴν
991 1007 1103 1080 πόλιν.
1154 1011 1243 1095 διερ
1313 1083 1314 1088 1

226 1114 373 1202 χύμενον
407 1111 438 1181 δ’
469 1113 573 1184 αὐτὸν
605 1113 665 1195 τὰς
695 1114 803 1196 πύλας
829 1119 1032 1206 ταραχωδῶς
1062 1113 1155 1184 πάνυ
1185 1116 1243 1183 καὶ

226 1221 302 1306 περὶ
328 1225 457 1288 πολλοῦ
487 1218 696 1308 ποιούμενον
728 1222 849 1309 μηδενὶ
880 1225 1019 1308 ποιῆσαι
1052 1221 1244 1308 καταφανές

187 1361 213 1400 10
226 1323 263 1395 τὸ
291 1326 482 1415 φερόμενον
509 1332 578 1397 τῶν
611 1327 773 1414 φυλάκων
805 1354 856 1408 τις
881 1327 1088 1416 καταμαθών
1118 1319 1176 1418 (ἦν
1205 1327 1244 1396 δὲ
1314 1337 1315 1358 ³

225 1438 396 1520 πολεμίων
420 1433 550 1521 ἐφόδου
574 1436 660 1520 δέος,
683 1435 739 1502 καὶ
762 1432 820 1514 τὰς
842 1433 949 1514 πύλας
972 1437 1008 1502 οί
1024 1433 1168 1521 μάλιστα
1189 1457 1243 1502 πι-

226 1537 424 1626 στευόμενοι
455 1537 539 1628 πρὸς
569 1545 631 1610 τοῦ
662 1542 827 1628 βασιλέως
857 1539 1065 1630 ἐφρούρουν)
1096 1547 1243 1627 συλλαμ-

225 1645 323 1732 βάνει
345 1671 381 1714 τε
403 1647 459 1714 καὶ
482 1644 520 1716 τὸ
542 1644 691 1734 κρυπτὸν
716 1644 736 1714 ὅ
758 1672 790 1716 τι
818 1644 935 1734 δήποτ’
961 1638 1004 1732 ἦν
1032 1655 1243 1734 καταμαθεῖν

225 1751 345 1839 ἀξιῶν,
372 1751 597 1824 ἀποκαλύπτει
624 1758 683 1843 βίη
711 1750 773 1840 τὴν
800 1751 994 1841 περιβολήν.
1040 1750 1086 1834 ῶς
1113 1751 1152 1820 δέ
1178 1751 1243 1839 τὴν

187 1893 212 1933 15
227 1860 361 1948 σκάφην
384 1858 548 1930 ἐθεάσατο
571 1860 627 1928 καὶ
649 1857 709 1928 τὸν
732 1857 920 1947 ἄνθρωπον
944 1864 1071 1946 ἔμαθεν
1095 1856 1243 1948 ἀπορού-
1316 1917 1317 1928 ,

226 1993 347 2055 μενον,
370 1965 468 2054 ἠξίου
490 1968 601 2052 λέγειν
623 1971 674 2046 τίς
696 1963 717 2052 ἡ
741 1963 867 2055 ταραχὴ
893 1966 949 2034 καὶ
971 1971 1007 2033 τί
1025 1963 1064 2034 τὸ
1086 1964 1244 2054 βούλημα

225 2079 287 2144 τού
318 2072 364 2162 μὴ
396 2077 551 2162 φανερῶς
586 2073 740 2160 ἐκφέρειν
777 2075 896 2151 σκεῦος
934 2069 1037 2139 οὐδέν
1075 2070 1243 2159 δεόμενον

187 2188 207 2252 5
226 2179 421 2268 ἀπορρήτου
444 2183 561 2268 φοράς.
598 2181 635 2248 ἐν
655 2179 693 2248 δέ
709 2177 818 2270 τούτῳ
836 2183 972 2258 πλείους
989 2182 1057 2247 τῶν
1076 2177 1243 2265 φυλάκων

227 2289 412 2376 συνέρρεον
434 2292 494 2355 καί
513 2312 563 2366 τις
585 2283 698 2354 αὐτῶν
720 2290 874 2372 γνωρίζει
896 2282 958 2372 τὴν
982 2282 1116 2372 σκάφην
1140 2282 1244 2365 αύτὸς

186 2417 213 2456 20
227 2397 264 2462 έν
284 2396 394 2483 ἐκείνη
412 2390 453 2461 τά
470 2395 588 2460 παιδία
606 2397 747 2479 κομίσας
765 2393 818 2460 ἐπὶ
835 2389 896 2460 τὸν
914 2389 1066 2478 ποταμὸν
1080 2392 1137 2460 καί
1156 2391 1243 2479 φρά-

227 2505 272 2582 ζει
295 2497 379 2586 πρὸς
401 2497 481 2578 τούς
502 2497 680 2587 παρόντας.
718 2502 753 2568 οί
774 2497 812 2567 δὲ
830 2497 1055 2586 συλλαβόντες
1077 2496 1137 2567 τὸν
1160 2505 1242 2566 Φαι-

227 2604 351 2674 στύλον
374 2605 517 2692 ἄγουσιν
545 2601 596 2673 ἐπ’
622 2603 727 2674 αὐτὸν
754 2605 815 2674 τὸν
841 2607 980 2691 βασιλέα
1002 2606 1058 2674 καὶ
1082 2607 1241 2692 διηγοῦν-

187 2719 207 2782 6
226 2737 280 2780 ται
303 2710 344 2779 τά
366 2710 541 2798 γενόμενα.
575 2709 728 2798 Ἀμόλιος
751 2711 789 2779 δέ
811 2709 930 2800 ἀπειλῇ
953 2710 1114 2798 βασάνων
1137 2727 1292 2780 κατα-215

226 2817 434 2906 πληξάμενος
455 2814 515 2885 τὸν
539 2815 736 2904 άνδρωπον,
766 2819 797 2884 εί
817 2813 862 2903 μὴ
886 2818 975 2898 λέξοι
997 2814 1057 2897 τάς
1079 2814 1243 2904 ἀληθείας

297 3068 324 3105 v
336 3055 395 3103 1-
362 3065 434 3118 —p
447 3047 1242 3119 141,10exstaneinNieolaiDemaseeni0010310Turo-

225 3121 358 3177 nensibus
377 3119 420 3192 (P)
439 3091 515 3192 epuc'l
533 3119 678 3175 valesium
697 3119 819 3191 (Fregm
834 3117 906 3176 Hiet.
922 3119 1019 3174 (ἔτεινε.
1038 3118 1082 3177 ed.
1093 3067 1132 3176 0.
1152 3121 1242 3176 Muel-

226 3193 301 3248 lerus
323 3191 454 3248 tom.111
477 3209 505 3277 p.
525 3196 577 3248 409
601 3194 669 3260 seq.)
746 3186 914 3277 ἐρωμάλος
937 3189 1059 3260 Sylburg
1087 3187 1243 3278 φαιστύλος

225 3263 306 3318 ΑΒΤ
380 3269 414 3318 10
433 3258 594 3332 φερόμενον
613 3261 745 3316 Gelenius
771 3265 926 3348 λεγομενον
944 3261 997 3316 ΟΤ
1025 3258 1241 3332 στεγόμενυνσ.

225 3334 329 3390 Reiske
398 3340 430 3388 11
450 3331 710 3403 πεπιστευμένοιΤ
780 3338 812 3386 13
831 3331 873 3403 τε]
894 3327 930 3400 δὴ
949 3331 972 3386 ’Τ
1042 3339 1075 3390 17
1095 3331 1139 3388 είσ
1139 3332 1241 3403 φέρειν

225 3405 277 3460 ΒΤ
298 3408 302 3474 1
323 3401 411 3460 ούδέν
434 3421 489 3460 om.
508 3404 531 3460 Τ
608 3409 643 3458 20
661 3402 840 3474 γνωρίσαςΤ
920 3409 955 3458 24
973 3399 1008 3458 τά
1031 3403 1082 3473 τῆς
1099 3399 1241 3473 ἀληθείας

227 3493 248 3531 ο.
269 3475 398 3531 Valesius
414 3475 418 3545 Ι
434 3473 509 3541 λέξοι
528 3475 580 3529 AB
