2698 3982
566 253 731 306 -ε-
1000 235 1155 317 ’τε

138 441 198 494 τας
218 410 363 500 Ἀχαιοῖς
385 412 425 483 τά
447 413 608 502 φρούρια·
627 410 778 501 Ἀχαιοὺς
793 412 830 480 δέ
844 425 1026 500 παρασχεῖν
1041 410 1156 493 αὐτοῖς

141 520 203 608 τὴν
226 519 417 609 ἀσφάλειαν
440 523 473 602 ἐξ
496 518 625 606 ἁπάσης
644 517 725 608 ὅσης
744 519 907 608 ἐκράτουν
929 523 991 606 γῆς
1013 519 1068 586 καί
1091 528 1155 586 θα-

142 628 261 715 λάττης
293 626 432 696 ἀπιοῦσι
463 624 546 695 κατά
578 624 636 706 τάς
673 623 860 713 ὁμολογίας.
906 622 1088 711 δεξάμενος
1118 625 1196 697 δέὅ

137 737 243 803 ταῦτα
266 738 406 813 Αἰνείας
427 733 482 801 καὶ
505 737 647 820 νομίσας
670 734 705 800 ἐκ
732 737 800 802 τῶν
824 731 973 801 ἐνόντων
995 730 1155 816 κράτιστα

140 838 227 908 εἶναι
256 837 434 907 Ἀσκάνιον
466 837 528 926 μὲν
559 837 620 907 τὸν
656 837 887 925 πρεσβύτατον
917 841 986 905 τῶν
1022 842 1182 912 παίδωνι

141 953 260 1035 ἔχοντα
281 950 344 1015 τοῦ
372 950 582 1034 συμμαχικοῦ
609 971 686 1014 τινα
709 960 847 1036 μοῖραν,
870 934 911 1032 ἧς
936 943 1087 1032 Φρύγιον
1110 937 1154 1032 ἦν

136 1051 175 1123 τὸ
198 1060 366 1137 πλεῖστον,
390 1057 438 1132 είς
458 1050 520 1140 τὴν
536 1059 743 1120 Δασκυλῖτιν
766 1053 979 1139 καλουμένην
1001 1055 1078 1138 γῆν,
1102 1057 1155 1120 ἐν·

137 1170 187 1228 θα
220 1160 311 1228 ἐστὶν
343 1157 364 1247 ἡ
394 1158 551 1228 Ἀσκανία
582 1163 699 1246 λίμνη,
731 1158 961 1247 μετάπεμπτον
992 1154 1057 1226 ὑπὸ
1086 1161 1154 1227 τῶν

138 1271 312 1355 ἐγχωρίων
343 1265 531 1352 γενόμενον
562 1266 615 1333 ἐπὶ
642 1272 796 1357 βασιλεία
827 1271 888 1335 τοῦ
921 1271 1046 1345 ἔθνους
1073 1261 1154 1334 άπα-

137 1378 274 1462 πέμπει·
298 1373 354 1440 καὶ
376 1370 507 1464 ς’όκησεν
527 1369 700 1452 Ἀσκάνιος
723 1371 845 1442 αὐτόθι
864 1372 990 1461 χρόνον
1012 1369 1088 1440 τινά
1114 1369 1155 1440 οδ
1169 1403 1196 1442 ιο

139 1479 258 1549 πολύν.
304 1477 478 1547 ἐλθόντων
507 1477 544 1546 δὲ
573 1475 617 1558 ὡς
648 1475 752 1548 αὐτὸν
776 1481 1020 1566 Σκαμανδρίου
1042 1505 1077 1546 τε
1100 1479 1156 1547 καὶ

84 1591 215 1656 119τῶν
247 1583 361 1654 ἄλλων
387 1581 591 1672 Ἑκτοριδῶν
619 1581 811 1672 ἀφειμένων
844 1587 880 1652 ἐκ
911 1587 969 1671 τῆς
995 1580 1156 1664 Ἑλλάδος

136 1690 205 1761 ὑπὸ
229 1692 484 1778 Νεοπτολέμου,
507 1689 661 1776 κατάγων
690 1689 812 1770 αὐτοὺς
835 1691 887 1758 ἐπὶ
911 1687 973 1776 τὴν
996 1689 1155 1782 πατρςόαν

137 1797 247 1886 άρχὴν
271 1802 319 1878 είς
336 1803 459 1885 Τροίαν
483 1795 680 1884 ἀφικνεῖται.
717 1798 772 1866 καὶ
795 1798 871 1882 περὶ
894 1795 956 1884 μέν
976 1793 1155 1865 Ἀσκανίου
1174 1811 1194 1876 6

136 1908 285 1973 τοσαῦτα
308 1905 451 1988 λέγεται·
474 1901 552 1984 τοὺς
567 1903 604 1970 δὲ
618 1901 741 1983 άλλους
759 1906 881 1982 παῖδας
895 1906 1032 1982 Αίνείας
1049 1927 1154 1990 παρα-
1170 1933 1195 1974 15

136 2009 256 2097 λαβὼν
282 2011 338 2077 καί
365 2008 426 2078 τὸν
453 2013 578 2096 πατέρα
604 2009 660 2078 καὶ
687 2008 728 2078 τὰ
761 2011 819 2096 ἕδη
849 2013 919 2077 τῶν
941 2010 1046 2092 θεῶν,
1070 2009 1154 2074 ἐπει-

139 2115 182 2204 δὴ
205 2114 462 2202 παρεσκευάσθη
485 2113 523 2183 τὸ
547 2115 710 2184 ναυτικὸν
729 2113 830 2208 αὐτῷ,
854 2119 988 2184 διαπλεῖ
1008 2111 1069 2182 τὸν
1082 2110 1156 2180 Ἑλ-

138 2223 332 2310 λήσποντον
360 2221 413 2290 ἐπὶ
440 2224 498 2309 τῆς
522 2227 656 2308 ἔγγιστα
682 2223 836 2310 κειμένης
858 2219 1067 2310 χερρονήσου
1093 2217 1154 2287 τὸν

138 2331 249 2398 πλοῦν
280 2326 502 2416 ποιούμενος,
534 2323 556 2414 ἢ
588 2327 759 2413 πρόκειται
795 2327 857 2415 μὲν
888 2330 947 2414 τῆς
980 2324 1156 2415 Εὐρώπης,

139 2443 289 2504 καλεῖται
314 2433 351 2500 δέ
374 2433 546 2520 Παλλήνη.
584 2438 686 2514 ἔθνος
710 2431 740 2500 δ’
766 2432 854 2521 εἶχεν
878 2430 984 2520 αὐτὴν
1007 2433 1155 2525 Θρᾴκιον
1170 2464 1196 2504 ιο

81 2564 136 2614 1υο
149 2542 328 2630 σύμμαχον
346 2547 543 2630 Κρουσαῖον
565 2539 775 2628 καλούμενον
799 2538 958 2609 ἁπάντων
982 2541 1156 2628 προθυμό-

140 2676 244 2719 τατον
267 2651 336 2714 τῶν
360 2648 605 2734 συναραμένων
624 2645 737 2727 αὐτοῖς
755 2651 815 2716 τοῦ
838 2649 996 2735 πολέμου.

210 2753 426 2822 XXXXVIH.
444 2749 479 2818 ‘0
502 2751 564 2840 μὲν
588 2743 651 2820 οὖν
674 2753 869 2832 πιστότατος
891 2757 960 2821 τῶν
983 2754 1106 2841 λόγων,
1129 2745 1155 2848 ᾦ
1221 2767 1230 2786 ‘

139 2864 296 2950 κέχρηται
318 2862 387 2927 τῶν
409 2864 563 2928 παλαιῶν
578 2861 803 2946 συγγραφέων
821 2857 1017 2941 Ἑλλάνικος
1031 2863 1068 2930 έν
1086 2875 1156 2940 τοῖς

202 3091 227 3144 *2
246 3084 393 3158 θαλάσσης
413 3090 435 3152 Β
515 3095 531 3144 8
551 3087 568 3159 ἡ
593 3086 718 3144 άσκανία
735 3121 769 3132 ·-
790 3093 917 3214 ἓασιλείμ
936 3093 961 3144 A
980 3090 1010 3144 in
1028 3089 1155 3158 margine

138 3170 173 3220 12
194 3157 358 3230 ἀφειμένων
378 3177 401 3214 ο.
421 3160 544 3232 Sylburg
576 3157 786 3231 άφιγμένωνΑ
819 3161 839 3214 b
866 3157 1026 3231 ἀφιγμένον
1044 3160 1091 3214 Ba
1123 3155 1156 3213 ἐκ

136 3235 188 3304 τῆς
199 3226 334 3293 Ἑλλάδος
349 3225 513 3316 ἀφειμένων
528 3249 551 3286 ο.
561 3231 667 3301 Kayser
680 3232 752 3285 Anu.
767 3231 836 3301 phil.
853 3237 920 3286 1863
935 3249 963 3299 p.
979 3237 995 3284 6
1051 3236 1084 3284 13
1099 3224 1156 3284 ὑπὸ

137 3306 193 3361 ΑΒ
222 3296 300 3369 παρά
330 3319 352 3356 ο.
371 3303 503 3358 Memeke
594 3309 627 3358 16
646 3303 695 3357 καί
713 3297 761 3374 τά]
781 3297 815 3355 τά
835 3303 879 3356 Ba
954 3307 985 3354 19
1006 3295 1157 3370 Εόρωπίης

137 3395 161 3433 c.
183 3377 219 3429 Is.
237 3373 311 3426 Voss
330 3375 367 3428 ad
382 3375 480 3444 Pomp.
494 3373 599 3430 Melam
616 3374 642 3427 ΙΙ
661 3379 677 3427 2
700 3391 728 3443 p.
744 3377 795 3428 687
817 3368 930 3447 Θρᾴκης
948 3389 971 3426 ο.
988 3371 1076 3427 Cobet
1090 3372 1156 3428 Obs.

135 3469 164 3520 p.
185 3453 219 3501 31
307 3448 342 3499 20
365 3439 457 3514 αὐτὴν
482 3444 604 3501 Sintenis
627 3445 687 3500 Em.
712 3443 792 3498 Dion.
816 3444 829 3496 Ι
860 3461 888 3513 p.
907 3449 942 3497 30
975 3437 1047 3511 αὕτη
1071 3445 1096 3498 Α
1125 3439 1157 3498 ἐν

137 3514 211 3588 αὐτῇ
235 3515 259 3568 Β
294 3514 299 3582 Ι
332 3509 517 3584 θράκκιονΑ
589 3522 621 3570 21
642 3519 793 3569 κλουσαῖον
812 3516 837 3568 A
