2682 3982
195 211 262 276 294
618 243 652 252 -
690 215 784 266 Γ·-

193 370 407 440 κινδννεύειν
444 368 502 451 τὰς
541 369 657 450 πόλεις
698 368 811 458 ὀρθῶς
847 371 998 458 ἐνόμιζεν
1037 376 1216 460 εἰρῆσθαι,

193 480 270 568 περὶ
294 477 332 546 δὲ
354 479 412 565 τῆς
435 477 486 546 ἑνί
508 475 594 566 πρὸς
617 477 677 546 ἕνα
699 476 805 564 μάχης
826 479 998 568 διεφέρετο
1018 480 1128 565 λέγων
1155 477 1269 553 ὅτιλεε

194 599 267 665 τοῖς
303 583 365 672 μὲν
401 581 604 672 ἡγουμένοις
633 587 702 653 τῶν
734 586 968 672 στρατοπέδων
1001 583 1084 655 ὅταν
1117 589 1216 656 ίδίαν

192 689 501 772 κατασκευάζωνται
543 693 746 760 δυναστείαν
789 689 892 772 καλὸς
930 693 986 762 καί
1026 689 1218 780 ἀναγκαῖός

153 823 167 866 ε
194 799 285 866 ἐστιν
316 795 334 865 ὁ
365 797 441 886 περὶ
470 799 529 884 τῆς
558 794 661 885 ἀρχῆς
689 797 775 886 πρὸς
803 795 970 884 ἀλλήλους
998 796 1108 885 ἀγάν,
1139 813 1218 881 ταῖς

194 902 232 971 δὲ
258 901 398 972 πόλεσιν
422 900 538 982 αύταίς
566 901 703 972 ἐπειδάν
730 901 814 991 ὑπὲρ
840 907 911 972 ταῖν
937 909 1113 993 πρωτείων
1138 910 1217 974 δια-

193 1010 364 1098 φέρωνται
399 1007 483 1097 πρὸς
520 1006 665 1096 ἀλλήλας
702 1007 743 1078 ού
775 1008 884 1096 μόνον
920 1009 1088 1099 σφαλερὸς
1125 1009 1217 1082 ἀλλά

192 1116 248 1183 καὶ
276 1113 414 1203 αίσχρὸς
441 1112 459 1182 ὁ
489 1113 546 1184 διά
575 1120 782 1204 μονομαχίας
807 1119 984 1202 κίνδυνος,
1010 1117 1129 1186 ἐάντε
1153 1123 1217 1206 τῆς

152 1227 382 1366 4κρείττονος
422 1220 592 1308 λάβωνται
632 1221 733 1310 τύχης
774 1222 834 1292 έάν
874 1249 909 1292 τε
948 1227 1008 1312 τῆς
1047 1229 1217 1314 χείρονος.

153 1389 180 1429 10
193 1336 281 1415 τρείς
318 1327 356 1396 δὲ
396 1325 524 1416 ἀνδρας
561 1329 752 1409 ἐπιλέκτους
792 1326 854 1416 ἀφ’
889 1329 1044 1416 ἑκατέρας
1079 1330 1218 1413 πόλεως

193 1434 440 1520 συνεβούλευεν
472 1431 536 1504 ὑπὸ
569 1432 632 1522 τὴν
664 1432 823 1504 ἀπάντων
857 1433 938 1518 ὄψιν
967 1433 1141 1524 Ἀλβανῶν
1176 1466 1217 1508 τε

191 1541 248 1608 καὶ
265 1537 440 1628 Ῥωμαίων
463 1545 743 1628 διαγωνίσασθαι.
783 1542 1052 1630 ἐπιτηδειότατον
1075 1541 1141 1633 γάρ
1167 1543 1217 1614 εἷ-

191 1673 249 1716 ναι
272 1645 373 1718 τόνδε
394 1647 455 1718 τὸν
479 1646 629 1736 ἀριθμὸν
657 1651 706 1728 είς
727 1645 861 1718 άπασαν
884 1646 1217 1737 ἀμφισβητουμένου

190 1751 384 1840 πράγματος
415 1757 581 1842 διαίρεσιν
613 1752 721 1842 ἀρχήν
753 1780 788 1823 τε
819 1755 875 1822 καλ
903 1757 987 1842 μέσα
1012 1757 1069 1824 καὶ
1097 1764 1215 1826 τελευ-

152 1883 178 1926 ιι
190 1858 253 1946 τὴν
279 1864 398 1946 έχοντα
421 1862 458 1928 έν
483 1861 599 1952 ἑαυτῷ.
639 1857 742 1948 ταύτη
760 1860 1005 1947 προσθεμένων
1028 1865 1068 1950 τῇ
1087 1862 1213 1952 γνάμχγ

185 1963 358 2054 Ῥωμαίων
380 1967 490 2035 τεκαὶ
509 1963 682 2052 Ἀλβανῶν
707 1963 726 2034 ὅ
748 1991 783 2033 τε
802 1964 966 2053 σύλλογος
984 1967 1129 2054 διελύθη
1151 1971 1213 2038 καὶ

189 2073 243 2140 ἐπὶ
265 2073 345 2152 τούς
368 2076 478 2152 ίδίονς
499 2069 651 2162 ἀπῄεσαν
674 2071 824 2160 ἑκάτεροι
847 2071 1001 2161 χάρακας.
1067 2141 1070 2146 .

273 2180 369 2248 XIII.
395 2177 534 2248 Ἔπειτα
562 2181 762 2258 καλέσαντες
789 2183 837 2258 είς
864 2181 1041 2267 ἐκκλησίαν
1064 2167 1133 2261 τίις1
1148 2185 1213 2250 δυ-

189 2285 307 2372 νάμεις
333 2283 525 2373 ἀμφοτέρας
551 2287 597 2374 οίΙ
613 2285 791 2373 στρατηγοὶ
818 2286 1000 2372 διεξῆλθον
1028 2277 1050 2352 ά
1080 2312 1116 2354 τε
1140 2291 1210 2356 διε-

149 2415 176 2456 το
190 2393 361 2478 λέχθησαν
384 2388 481 2460 αὐτοὶ
503 2389 587 2478 πρὸς
610 2387 777 2478 ἀλλήλους
794 2391 850 2458 καὶ
873 2388 926 2478 ἐφ’
949 2385 1000 2472 οἷς
1019 2393 1211 2466 συνέθεντο

75 2532 81 2550 1
187 2497 442 2566 καταλύσασθαι·
469 2495 530 2566 τὸν
557 2496 715 2584 πόλεμον.
761 2496 1042 2584 ἐπικυρωσάντων
1071 2499 1110 2568 δὲ
1137 2505 1211 2570 τῶν

188 2603 445 2690 στρατευμάτων
487 2601 687 2690 ἀμφοτέρων
727 2601 810 2670 κατὰ
846 2601 974 2690 πολλὴν
1017 2602 1269 2694 εύδύκησιν443

187 2706 246 2788 τάς
268 2711 337 2778 τάν
361 2705 555 2796 στρατηγῶν
579 2707 775 2796 ὁμολογίας,
797 2708 977 2797 θαυμαστὴ
1001 2709 1082 2798 μετὰ
1104 2718 1209 2784 τοῦτο

187 2827 315 2902 κατείχε
342 2819 516 2902 φιλοτιμία
542 2815 598 2882 καὶ
626 2812 791 2902 λοχαγούς
817 2815 873 2883 καὶ
901 2815 1103 2902 στρατιώτας
1126 2829 1211 2890 πολ-

149 2943 176 2986 εε
190 2926 260 2992 λῶν
286 2921 377 2990 πάνυ
403 2924 701 3010 προθυμουμένων
729 2923 966 3008 ἐξενέγκασθαι
995 2921 1036 2992 τά
1062 2927 1211 3013 τῆς-μά-

118 3053 121 3060 ·
188 3057 250 3118 χης
271 3027 420 3118 ἀριστεία
443 3029 498 3096 καὶ
521 3026 563 3098 ού
587 3029 676 3120 λόγφ
696 3027 956 3110 σπουδαζόντων
975 3028 1096 3116 μόνον,
1120 3032 1211 3102 ἀλλά

186 3137 243 3205 καὶ
280 3141 366 3228 έργφ
404 3141 595 3223 φιλοτιμίας
634 3132 950 3220 ἀποδεικνυμένων,
990 3133 1075 3210 ὥστε
1112 3147 1212 3225 χαλε·

258 3337 274 3386 2
299 3325 355 3402 ένί]
380 3325 444 3394 ἕνδς
468 3347 491 3386 0.
516 3329 606 3386 Cobet
625 3328 693 3386 'Oba
717 3346 745 3398 p.
770 3334 803 3384 62
885 3333 901 3400 δ
925 3323 1002 3384 ἔστιν
1025 3327 1047 3382 Β
1077 3327 1160 3388 ἔσται
1185 3336 1213 3390 R

159 3407 160 3410 ’
188 3409 221 3458 13
240 3398 325 3458 τόνδε
345 3418 399 3458 om.
418 3402 441 3456 Β
457 3403 462 3470 λ
477 3396 636 3456 ἀπασανΒ
659 3400 755 3455 πᾶσαν
772 3400 798 3454 R
876 3405 910 3454 14
928 3399 1015 3470 μέσον
1038 3418 1061 3456 ο.
1081 3403 1213 3478 Sylburg

187 3477 221 3528 15
240 3471 428 3543 προθεμένων
446 3471 472 3526 Α
544 3477 578 3526 27
598 3473 760 3543 φιλοτιμίαν
780 3488 803 3526 ο.
821 3469 959 3527 Βάολιελοε
1031 3541 1034 3546 Ι
