2670 3984
616 236 779 289 -B-
1139 233 1204 300 183

277 395 382 463 XXII.
416 392 505 464 Ἐπεὶ
530 394 567 464 δὲ
589 395 645 464 καὶ
664 391 722 462 διά
743 397 918 480 γυναικῶν
939 398 1008 465 ἔδει
1030 393 1107 464 τινά
1130 393 1204 484 ἱερά

189 510 426 571 συντελεῖσθαι
447 502 504 570 καὶ
528 499 584 570 διὰ
611 505 744 571 παίδων
771 499 979 590 ἀμφιθαλῶν
1008 503 1118 592 ἕτερα,
1145 505 1205 572 ἱνα

187 609 244 677 καὶ
266 612 370 678 ταῦτα
392 609 530 694 γένηται
552 605 635 676 κατά
658 606 696 678 τὸ
719 607 914 697 κράτιστον,
941 609 1001 690 τάς
1029 635 1065 678 τε
1087 621 1204 696 γυναῖ-

187 741 248 795 κας
271 718 363 797 ἔταξε
384 718 453 784 τῶν
477 717 596 803 ἱερέων
618 729 689 796 τοῖς
717 715 845 786 ἑαυτῶν
875 713 1022 805 ἀνδράσι
1049 717 1205 802 συνιερά-

189 829 287 906 σθαι,
310 821 366 889 καὶ
389 830 424 890 εἱ
441 847 474 890 τι
497 819 542 910 μὴ
560 822 660 909 θέμις
682 813 727 910 ἦν
748 819 805 891 ὑπ’
826 820 964 912 ἀνδρῶν
988 819 1206 911 ὀργιάζεσθαι
1232 848 1245 892 ε

187 926 271 996 κατὰ
307 926 416 1015 νόμον
452 926 513 998 τὸν
552 927 747 1018 ἐπιχώριον,
788 929 911 1011 ταύτας
952 932 1113 1000 ἐπιτελεῖν
1149 927 1206 996 καὶ

188 1037 311 1114 παῖδας
348 1031 461 1104 αῦτῶν
495 1033 535 1104 τά
571 1034 768 1123 καθήκοντα
803 1045 1027 1126 λειτουργεῖν·
1062 1047 1134 1116 τοῖς
1168 1032 1206 1102 δὲ

189 1139 328 1209 ἄπαισιν
353 1141 388 1210 ἐκ
410 1143 479 1210 τῶν
498 1139 611 1210 ἀλλων
632 1151 735 1210 οἱκων
754 1141 833 1223 τοῦς
851 1141 1090 1232 χαριεστάτους
1107 1166 1205 1210 κατα-

188 1249 345 1333 λεγέντας
371 1248 405 1329 ἐξ
433 1247 572 1335 ἑκάστης
599 1248 761 1338 φράτρας,
788 1249 894 1339 κόρον
916 1249 973 1318 καὶ
995 1248 1118 1338 κόρην,
1144 1244 1206 1317 τόν

188 1352 252 1440 μὲν
275 1356 338 1434 ἕως
360 1353 445 1442 ἥβης
467 1353 645 1445 ὑπηρετεῖν
669 1358 723 1426 ἐπὶ
740 1371 811 1438 τοῖς
829 1360 943 1446 ἱεροῖς,
961 1354 1024 1444 τὴν
1044 1355 1081 1424 δὲ
1099 1353 1206 1442 κόρην
1221 1381 1247 1421 10

135 1457 278 1529 28036011
306 1456 350 1529 ἀν
377 1453 399 1551 ᾖ
422 1461 550 1549 χρόνον
573 1461 660 1550 ἀγνὴ
689 1462 821 1552 γάμων·
854 1465 890 1532 ἐκ
913 1467 981 1533 τῶν
999 1461 1206 1549 Ἑλληνικῶν

188 1565 306 1653 νόμων
333 1566 390 1634 καὶ
416 1571 522 1636 ταῦτα
549 1567 845 1658 μετενεγκάμενος,
873 1565 919 1649 ῶς
948 1566 1013 1656 ἐγὼ
1035 1574 1207 1655 πεὶθομαι.

190 1671 253 1742 ὅσα
276 1672 339 1762 μὲν
361 1671 427 1761 γάρ
451 1677 489 1742 αἱ
508 1675 700 1767 κανηφόροι
727 1675 783 1744 καὶ
813 1672 1006 1762 ἀρρηφόροι
1029 1673 1247 1762 λεγόμεναι2

189 1783 447 1868 λειτουργοῦσιν
471 1781 610 1851 ἐπὶτῶν
630 1778 836 1868 Ἑλληνικῶν
856 1784 968 1866 ἱερῶν,
991 1784 1095 1850 ταῦτα
1118 1777 1209 1864 παρὰ

1 1941 18 1996 )
186 1883 363 1974 Ῥωμαίοις
381 1890 420 1955 αἱ
431 1887 771 1977 προσαγορευόμεναι
788 1892 988 1958 τουτολᾶται
1007 1889 1208 1956 συντελοῦσι
1223 1916 1248 1956 ιε

191 1991 373 2081 στεφάναις
394 1993 624 2082 κοσμούμεναι
646 1993 706 2076 τάς
727 1995 890 2082 κεφαλάς,
920 1997 1008 2074 οἵαις
1035 2005 1208 2080 κοσμεῖται

189 2098 230 2169 τά
252 2104 311 2187 τῆς
325 2098 481 2188 Ἐφεσίας
497 2099 688 2191 Ἀρτέμιδος
706 2100 924 2190 ἀφιδρύματα
942 2098 1021 2190 παρ’
1037 2097 1209 2186 Ἕλλησιν.

190 2203 254 2274 ὅσα
278 2207 317 2274 δὲ
338 2205 428 2296 παρά
455 2215 644 2297 Τυρρηνοῖς
670 2209 726 2276 καὶ
754 2213 802 2277 ἔτι
829 2208 995 2297 πρότερον
1022 2203 1112 2293 παρά
1143 2213 1207 2274 Πε-

190 2320 327 2400 λασγοῖς
349 2314 486 2382 ἐτέλουν
510 2317 567 2384 ἐπί
585 2341 621 2384 τε
644 2313 832 2404 Κουρήτων
855 2314 911 2382 καὶ
936 2313 1090 2401 μεγάλων
1113 2315 1207 2380 θεῶν

191 2417 388 2508 ὀργιασμοῖς
411 2423 445 2488 οἱ
461 2420 664 2508 καλούμενοι
682 2420 767 2510 πρὸς
785 2419 898 2489 αῦτῶν
918 2419 1085 2508 κάδμιλοι,
1102 2422 1207 2488 ταῦτα
1221 2447 1247 2489 ιο

190 2524 273 2594 κατά
299 2524 360 2595 τὸν
388 2523 494 2596 αῦτδν
521 2527 648 2613 τρόπον
675 2525 866 2618 ὑπηρέτουν
898 2540 970 2608 τοῖς
997 2530 1147 2614 ἱερεῦσιν
1175 2528 1211 2594 οἱ

190 2631 367 2720 λεγόμενοι
390 2636 456 2702 νῦν
479 2630 546 2702 ἀπὸ
566 2631 739 2720 Ῥωμαίων
762 2633 909 2720 κάμιλοι.
955 2637 1004 2701 ἔτι
1026 2632 1111 2722 πρὸς
1132 2631 1208 2702 τοῦ
1227 2636 1248 2701 3

137 2755 268 2820 ιειτοις
286 2741 377 2822 ἔταξε
395 2739 518 2827 μάντιν
538 2741 572 2821 ἐξ
591 2738 730 2826 ἑκάστης
748 2744 858 2827 φυλῆς
882 2742 942 2808 ἕνα
959 2753 1116 2827 παρεῖναι
1138 2739 1209 2818 τοῖς

190 2847 309 2934 ἱεροῖς,
338 2843 379 2916 ὃν
402 2844 498 2935 ἡμεῖς
525 2846 587 2934 μὲν
610 2845 812 2934 ἱεροσκόπον
841 2850 1026 2934 καλοῦμεν,
1050 2843 1207 2932 Ῥωμαῖοι

262 3012 278 3061 2
296 3009 444 3063 τελεῖσθαι
461 3009 487 3061 A
568 3013 584 3062 3
603 3008 717 3096 γίνηται
734 3007 760 3060 Α
836 3013 859 3089 ,4
878 3002 960 3088 ἔταξε
984 3006 1041 3060 τῶν
1055 2983 1166 3092 ,ἱερέων
1184 3005 1207 3058 Β

190 3097 213 3133 τ.
234 3074 251 3132 ἱ.
272 3075 353 3144 ἔταξε
372 3080 398 3134 R
462 3079 547 3134 6καὶ
564 3097 632 3141 τους
645 3080 752 3141 παῖδας
770 3094 793 3132 ο.
808 3077 951 3147 R1esslmg
1014 3075 1207 3131 θαπαισινΒ

190 3143 297 3204 ἀπαοιν
315 3151 341 3205 Β,
366 3152 370 3218 Ι
395 3146 643 3220 καταλόγουταςΒ
725 3154 759 3205 10
782 3146 848 3221 ἕως]
871 3143 910 3210 ῶς
933 3148 959 3201 A
984 3149 988 3216 Ι
1011 3141 1164 3215 ὑπηρετεῖν
1183 3146 1205 3200 Β

189 3213 334 3306 ῦπηρὲτην
352 3222 378 3275 Δ
395 3223 398 3290 λ
416 3216 464 3276 ἒπὶ
482 3223 579 3276 om.B
653 3225 685 3275 12
705 3221 832 3292 νομίμων
851 3236 874 3274 ο.
890 3217 995 3273 Reiske
1068 3223 1102 3270 13
1121 3211 1206 3287 ἀρρη-

191 3311 277 3361 φοροι
298 3293 371 3347 ABa
402 3287 594 3362 ἀρρητοφόροι
617 3292 663 3347 Βει
744 3295 778 3347 16
799 3288 831 3345 αἳ
852 3291 876 3345 Β
900 3291 905 3358 Ι
929 3289 1013 3344 τοῦτο
1039 3284 1072 3342 δὲ
1091 3287 1205 3345 Α....

190 3363 275 3418 τοῦτο
288 3361 356 3418 δδΒ
373 3365 542 3430 τουτολᾶται
552 3363 695 3432 Kiessling
712 3358 844 3418 τουτόλαι
854 3359 967 3416 Κδελλία
975 3358 1079 3416 Philol.
1089 3357 1205 3413 XXXIV

190 3452 218 3504 p.
235 3437 286 3490 ⁷56
360 3439 394 3490 19
414 3430 571 3490 ἐτάλοννΟ
601 3431 769 3490 συνετέλουν
788 3450 811 3488 ο.
831 3430 975 3502 Kiesuling
1056 3435 1091 3486 20
1113 3425 1206 3485 κάδω-

190 3509 236 3561 λοι
254 3503 286 3574 Ο,
305 3520 375 3562 corr.
394 3505 427 3562 G.
446 3505 519 3562 Voss
590 3510 624 3561 21
643 3499 815 3575 ὑπηρετοῦσι
833 3520 856 3559 ο.
875 3502 979 3558 Reiske
