2670 3984
199 245 264 312 186
622 244 820 300 -B-,

286 406 424 474 XXIIII.
457 413 564 472 Δοκεῖ
594 399 631 471 δὲ
662 404 719 471 καὶ
750 407 810 490 της
841 401 943 489 άλλης
970 399 1162 489 εὐκοσμίας,
1190 395 1214 491 ᾖ

198 511 366 600 χρῶμενοι
398 508 556 598 Ῥωμαῖοι
599 509 805 596 διεφύλαξαν
842 507 1113 596 εὐδαιμονοῦσαν
1149 507 1213 596 τὴν
1293 515 1295 518 ’

197 617 298 686 πόλιν
327 619 380 686 ἐπὶ
407 615 532 696 πολλάς
559 615 692 703 γενεάς,
720 617 847 694 ἐκεῖνος
874 612 970 702 άρξαι
997 613 1126 701 νόμους
1153 641 1212 682 κα-

197 723 279 804 λοὺς
300 725 356 794 καὶ
380 726 616 813 συμφέροντας
638 721 815 810 ἀγράφους
840 721 901 809 μὲν
925 719 1004 802 τοὺς
1025 727 1211 807 πλείστους,

157 852 170 893 ο
199 835 269 900 ἔστι
297 829 328 899 δ’
360 827 419 910 οὓς
446 831 502 898 καὶ
530 831 567 898 ἐν
599 829 770 917 γράμμασι
802 830 977 915 κειμένους
1007 828 1212 914 καταστησά-

198 963 314 1024 μενος,
342 927 392 1010 ῶν
420 935 485 1024 ἐηῶ
511 934 591 1016 τοὺς
618 936 679 1024 μὲν
708 933 831 1016 ἄλλους
860 933 961 1003 οὐδὲν
990 937 1108 1023 δέομαι
1131 935 1211 1023 φρά-

198 1070 289 1131 φειυ,
313 1039 373 1124 οὓς
399 1043 438 1111 δὲ
463 1041 601 1112 πάντων
628 1041 770 1130 μάλιστα
797 1040 993 1128 τεθαύμακα
1014 1043 1071 1108 καὶ
1100 1042 1134 1123 ἐξ
1157 1033 1267 1110 ῶνκεσ

198 1147 367 1238 ὑπείληφα
390 1153 565 1238 καταφανῆ
588 1149 645 1218 καὶ
666 1147 729 1236 τὴν
754 1147 860 1236 άλλην
883 1153 944 1218 τοῦ
966 1145 1093 1236 άνδρὸς
1115 1148 1212 1235 ηενη-

199 1266 321 1324 σεσθοιι
343 1261 570 1344 νομοθεσίαν,
600 1253 645 1336 ῶς
667 1253 817 1344 αὐστηρὰ
838 1255 894 1323 καὶ
917 1253 1146 1342 μισοπόνηρος
1168 1247 1212 1340 ἦν

158 1387 185 1428 10
198 1365 254 1432 καί
277 1362 406 1451 πολλὴν
430 1369 553 1452 ἔχουσα
575 1361 660 1451 πρὸς
682 1361 762 1442 τοὺς
790 1359 958 1448 ἡρωικοὺς
980 1365 1076 1448 βίους
1099 1359 1213 1448 ὁμοιό-

158 1469 292 1556 2τητα,
315 1468 360 1537 δι’
382 1468 497 1557 ὀλίγης
520 1467 741 1556 ὑπομνήσεως
764 1472 915 1556 σημανῶ,
937 1472 1078 1536 τοσοῦτο
1101 1493 1212 1556 προει-

198 1575 288 1662 πῶυ,
320 1573 372 1644 ὅτι
404 1603 462 1662 μοι
494 1580 656 1645 δοκοῦσιν
684 1574 828 1656 ἅπαντες
856 1579 892 1644 οί
917 1575 1130 1662 διατάξαντες
1154 1573 1213 1654 τάς

198 1707 234 1750 τε
260 1681 467 1771 βαρβαρικὰς
493 1683 549 1750 καὶ
580 1680 640 1762 τὰς
661 1680 857 1768 Ἑλληνικάς
885 1687 1051 1762 πολιτείας
1079 1679 1117 1750 τὸ
1135 1681 1212 1768 μὲν

198 1785 318 1857 κοινὸν
351 1787 465 1877 ὀρθῶς
497 1793 599 1876 ἰδεῖν,
632 1781 685 1858 ὅτι
716 1789 816 1858 πόλιν
846 1785 980 1858 ἅπασαν
1011 1791 1047 1857 ἐκ
1077 1791 1212 1856 πολλῶν

157 1926 184 1966 15
200 1903 303 1963 οίκων
328 1898 543 1964 συνεστῶσαν
567 1894 680 1983 ὀρθήν
702 1921 738 1964 τε
756 1903 852 1964 πλεῖυ
876 1893 963 1975 είκδς
982 1892 1064 1964 ὅταν
1088 1897 1124 1962 οἰ
1143 1897 1212 1962 τῶν

200 2005 346 2071 ἰδιωτῶν
374 2001 565 2072 εὐσταθῶσι
593 2008 679 2089 βίοι,
711 2003 767 2070 καὶ
799 2005 946 2090 χειμῶνα
977 2001 1085 2071 πολὺν
1117 1999 1212 2088 άηειν

199 2106 282 2177 ὅταν
313 2112 422 2188 κακῶς
453 2109 604 2188 ἑκάστοις
635 2113 693 2196 ἔχη
724 2107 765 2176 τά
793 2111 878 2194 ἴδια,
910 2109 966 2178 καὶ
993 2107 1045 2178 ὅτι
1073 2111 1128 2176 δεῖ
1151 2105 1212 2176 τὸν

198 2219 285 2284 νοῶν
309 2219 428 2301 ἔχοντα
449 2215 624 2283 πολιτικὸν
643 2213 703 2283 ἐάν
720 2241 756 2283 τε
778 2217 967 2302 νομοθέτης
985 2215 1046 2300 ἐάν
1064 2242 1099 2284 τε
1117 2221 1212 2303 βασι-

200 2319 277 2400 λεὺς
298 2313 331 2410 ᾖ,
354 2325 458 2389 ταῦτα
476 2329 689 2410 νομοθετεῖν,
712 2317 885 2408 δποιήσει
905 2324 1056 2402 δικαίους
1073 2321 1130 2389 καὶ
1149 2321 1213 2390 σῶ-

159 2476 186 2514 ,0
200 2453 331 2514 φρονας
352 2425 432 2507 τοὺς
449 2431 518 2496 τῶν
542 2430 687 2495 ίδιωτῶν
710 2432 816 2514 βίους.
858 2429 890 2510 ἐξ
915 2419 963 2496 ῶν
984 2425 1015 2496 δ’
1037 2423 1080 2496 διν
1104 2431 1213 2515 ἐπιτη-

200 2533 377 2620 δευμάτων
399 2534 455 2600 καὶ
479 2531 524 2600 δι’
547 2535 629 2603 οἴων
648 2535 803 2620 γένοιντο
822 2537 970 2602 τοιοῦτοι
988 2533 1116 2621 νόμων,
1136 2533 1212 2603 οὐκ-

199 2637 251 2708 έθ’
274 2636 399 2726 δμοίως
421 2636 564 2720 ἅπαντες
587 2642 732 2708 δοκοῦσί
757 2665 815 2727 μοι
838 2643 1004 2726 συνιδεῖν,
1028 2638 1100 2709 ἀλλ’
1126 2645 1217 2709 ἔνιοί

198 2771 236 2832 ηε
258 2749 388 2814 πολλοῦ
409 2748 465 2814 καὶ
487 2749 549 2815 τοῦ
570 2745 707 2832 παντός,
731 2743 776 2826 ῶς
798 2751 915 2832 εἰπεῖν,
938 2748 984 2814 ἐν’
998 2761 1069 2827 τοῖς
1090 2773 1213 2836 κυριω

198 2851 311 2932 τάτοις
331 2853 394 2920 καὶ
420 2852 565 2942 πράτοις
592 2855 707 2942 μέρεσι
733 2857 793 2941 τῆς
814 2859 1021 2940 νομοθεσίας
1043 2850 1212 2942 ἁμαρτεῖν.

199 2957 318 3028 αὐτίκα
344 2958 420 3047 περὶ
447 2959 564 3046 γάμων
596 2961 653 3029 καὶ
679 2963 738 3048 τῆς
753 2959 852 3047 ’πρὸς
878 2973 1041 3048 γυναῖκας
1065 2958 1266 3049 ὁμιλίας,286
1327 3042 1334 3057 Α

199 3062 259 3152 ἀφ’
284 3055 325 3150 ἧς
356 3061 522 3152 ἄρχεσθαι
555 3069 609 3133 δελ
638 3063 698 3134 τὸν
728 3069 937 3154 νομοθέτην,
970 3064 1080 3157 ῶσπερ
1106 3069 1163 3136 καὶ
1191 3066 1211 3155 η

158 2937 180 2999 4

158 3023 185 3064 25

269 3300 286 3350 8
305 3293 443 3364 γενέσθαι
461 3295 484 3349 Β
502 3291 715 3364 ηενήσεσθαιΒ
788 3303 820 3352 11
839 3297 999 3354 *τοσοῦτον
1014 3297 1037 3354 Ο
1113 3303 1146 3354 16
1165 3293 1212 3368 ὄρ·

196 3361 257 3434 θήν
271 3383 308 3456 7⁶
328 3364 361 3436 Ο,
376 3382 445 3421 corr.
457 3366 597 3454 5Bfioheler
669 3373 703 3424 1⁷
722 3365 784 3454 ἔηηι
798 3363 926 3452 ἑκάστοις
939 3369 970 3456 Βι
1037 3376 1069 3426 18
1088 3369 1212 3440 νομοθέ-

197 3435 371 3563 &IIII
389 3438 596 3579 ὲῖιλιῖωεξ
616 3445 691 3565 εῶο
708 3459 777 3566 '⁰33
795 3440 1033 3581 ἕῖηἷῶίοέςΒ
1058 3443 1063 3510 ¹
1088 3437 1119 3507 ἐξ
1142 3441 1211 3496 οἴων
