2670 3984
571 147 787 251 -Β-Ι
1095 197 1158 266 ιω

143 359 308 444 δικάζειν,
334 356 375 426 τδι
403 356 436 425 δ’
462 357 622 428 ἐλάττονα
649 370 720 437 τοῖς
746 363 945 444 βουλευταῖς
972 358 1158 444 ἐπιτρέπειν

141 463 401 555 προνοούμενον
439 468 497 533 ἵνα
533 465 639 552 μηδὲν
673 466 828 552 γίγνηται
863 465 940 552 περὶ
975 461 1034 544 τὰς
1066 468 1160 544 δίκας

141 575 342 661 πλημμελές,
365 571 496 659 βουλήν
519 598 555 641 τε
580 570 743 658 συνάγειν
766 573 822 640 καί
846 575 956 660 δῆμον
980 579 1159 658 συγκαλεῖν

141 677 199 748 καλ
232 677 369 767 γνώμης
403 677 520 766 α”ρχειν
554 679 611 746 καὶ
647 676 688 746 τδι
723 677 869 760 δόξαντα
905 691 976 758 τοῖς
1006 683 1160 748 πλείοσιν

143 788 317 854 ἐπιτελεῖν.
362 789 467 854 ταῦτα
487 784 558 873 μὲν
585 782 736 854 ἀπέδωκε
767 791 901 882 βασιλεῖ
929 783 969 854 τδι
996 788 1078 872 γέρα
1105 785 1160 854 καὶ
1188 811 1201 852 ε

144 897 194 962 ἔτι
218 890 303 981 πρὸς
324 891 456 972 τούτοις
474 889 659 980 ἡγεμονίαν
682 897 770 979 ἔχειν
789 889 1019 980 αὐτοκράτορα
1042 893 1079 974 έν
1101 915 1161 960 πο-

144 1001 244 1090 λέμφ.
285 1003 331 1092 τῷ
356 998 394 1066 δὲ
417 1002 585 1090 συνεδρίῳ
613 1001 672 1086 τῆς
698 1003 825 1086 βουλῆς
851 997 952 1086 τιμὴν
979 999 1035 1068 καί
1059 990 1201 1067 δυνά-2

146 1113 262 1174 στείαν
286 1104 433 1192 ἀνέθηκε
460 1105 612 1174 τοιάνδε·
643 1107 720 1195 περὶ
747 1104 872 1186 παντὸς
902 1104 984 1176 ὅτου
1006 1101 1049 1174 διν
1073 1110 1161 1192 είση-

144 1217 245 1302 γῇται
268 1209 425 1300 βασιλεύς
448 1211 685 1300 διαγινώσκειν
707 1213 816 1282 τεκαὶ
840 1217 957 1301 ψῆφον
978 1215 1161 1302 ἐπιφέρειν,

145 1321 202 1388 καὶ
231 1317 251 1387 δ’
273 1345 305 1387 τι
334 1316 378 1388 ἂν
405 1318 487 1407 δύξη
517 1332 587 1399 τοῖς
613 1324 743 1388 πλείοσι
770 1323 871 1388 τοῦτο
895 1324 1008 1389 νικάν·
1046 1321 1081 1388 έκ
1103 1323 1163 1406 τῆς
1177 1345 1202 1385 10

147 1429 346 1512 Λακωνικῆς
368 1432 536 1506 πολιτείας
558 1427 613 1494 καὶ
636 1429 737 1494 τούτο
757 1426 1047 1514 μετενεγκάμενος.
1082 1425 1163 1495 οὐδὲ

145 1530 212 1621 γάρ
244 1535 280 1601 οί
307 1534 587 1618 Λακεδαιμονίων
619 1537 769 1618 βασιλεῖς
801 1529 1043 1620 αὐτοκράτορες
1075 1526 1162 1621 ἦσαν

147 1635 167 1706 ὅ
192 1665 225 1708 τι
252 1638 434 1725 βούλοιντο
461 1637 634 1726 πράττειν,
666 1637 740 1706 ἀλλ’
766 1635 787 1725 ἡ
815 1645 976 1727 γερουσία
1005 1645 1073 1709 πᾶν
1097 1639 1164 1728 εἶχε
1253 1665 1255 1670 ·

146 1749 216 1814 τών
238 1749 366 1814 κοινών
389 1743 427 1814 τὸ
451 1743 582 1833 κράτος.
622 1749 669 1838 τῷ
695 1745 732 1813 δὲ
756 1749 922 1838 δημοτικῷ
941 1744 1066 1832 πλήθει
1088 1753 1164 1837 τρία
1183 1753 1204 1818 3

146 1856 253 1922 ταῦτα
282 1854 473 1942 ἐπέτρεψεν·
501 1849 776 1944 άργαιρεσιάζεινΙ
794 1877 830 1920 τε
856 1851 912 1918 καί
939 1851 1068 1938 νόμους
1095 1855 1163 1922 έπι-
1178 1885 1204 1925 ιε

92 1963 283 2048 κοσκυρούν
305 1960 362 2028 καὶ
384 1960 458 2048 περὶ
478 1961 627 2046 πολέμου
649 1957 897 2045 διαγινώσκειν,
921 1955 1003 2026 ὅταν
1027 1956 1045 2026 ὁ
1068 1965 1163 2046 βασι-

147 2064 226 2146 λεὺς
249 2067 325 2155 ἐφῇ,
349 2065 430 2135 οὐδὲ
451 2065 582 2134 τούτων
608 2070 719 2152 ἔχοντι
741 2063 804 2152 τὴν
828 2065 984 2146 ἐξουσίαν
1008 2063 1164 2152 άνεπίλη-

147 2198 244 2259 πτον,
267 2169 311 2240 δν
334 2172 379 2260 μη
403 2173 459 2242 καλ
480 2177 521 2262 τη
544 2175 652 2261 βουλῇ
669 2170 774 2240 ταύτὰ
795 2176 888 2260 δοκῇ.
930 2177 1027 2260 ἔφερε
1047 2171 1084 2240 δὲ
1101 2170 1164 2258 τὴν

147 2284 267 2367 ψῆφον
292 2278 353 2367 ούχ
375 2277 445 2368 ἅμα
467 2283 532 2359 πᾶς
555 2277 573 2348 ὁ
600 2282 714 2366 δῆμος,
733 2276 817 2347 άλλδι
835 2277 917 2347 κατὰ
938 2277 996 2358 τὰς
1014 2277 1166 2366 φράτρας

149 2386 436 2473 συγκαλούμενος·
464 2384 484 2454 ὅ
506 2412 538 2454 τι
562 2385 600 2453 δὲ
622 2399 695 2464 ταῖς
716 2391 847 2454 πλείοσι
872 2385 978 2466 δόξειε
1002 2385 1166 2474 φράτραις
1179 2417 1206 2456 εο

147 2498 250 2563 τούτο
275 2495 328 2562 ἐπὶ
350 2491 413 2580 την
436 2490 566 2580 βουλὴν
589 2489 782 2578 ἀνεφέρετο.
820 2491 873 2580 ἐφ’
895 2490 990 2579 ἡμῶν
1013 2493 1050 2560 δὲ
1070 2492 1165 2581 μετά-

147 2625 255 2668 κειται
281 2598 319 2668 τὸ
349 2606 441 2680 ἔθος·
480 2597 521 2668 ού
545 2597 610 2687 γάρ
638 2598 659 2686 η
683 2597 789 2685 βουλὴ
812 2598 1027 2686 διαγινώσκει
1044 2599 1085 2669 τδι
1104 2615 1165 2686 φη-

149 2711 321 2792 φισθέντα
351 2703 418 2774 ύπδ
451 2711 513 2776 τού
545 2704 671 2793 δήμου,
704 2709 772 2773 τών
801 2703 833 2772 δ’
863 2703 927 2774 ὑπὸ
954 2711 1014 2794 τῆς
1041 2711 1167 2793 βουλῆς

148 2815 378 2900 γνωσθέντων
408 2809 426 2880 ὁ
459 2811 565 2900 δῆμός
587 2815 663 2905 ’ἐστι
690 2811 820 2898 κύριος·
852 2812 995 2900 πότερον
1029 2805 1067 2880 δὲ
1098 2816 1166 2880 τών

150 2922 243 3014 mv
279 2927 446 3008 κρείττον’,
478 2922 516 2987 έν
552 2923 655 3012 κοινῷ
687 2924 807 3006 τίθημι
838 2933 909 2999 τοῖς
944 2919 1167 3006 βουλομένοις
1180 2948 1207 2990 ετ

151 3039 298 3095 σκοπεῖν.
343 3027 379 3094 έκ
408 3025 446 3094 δὲ
473 3029 531 3112 τῆς
559 3027 753 3114 διαιρέσεως
780 3023 901 3115 ταύτης
929 3023 970 3092 ού
994 3024 1103 3112 μόνον
1126 3023 1207 3093 τὰ4

149 3131 304 3202 πολιτικά
327 3132 504 3221 πράγματα
532 3131 713 3220 σώφρονας
743 3131 909 3219 ἐλάμβανε
936 3132 992 3200 καὶ
1014 3132 1167 3219 τεταγμέ-

150 3267 214 3320 νας
236 3239 295 3320 τδις
318 3240 510 3327 διοικήσεις,
533 3237 618 3308 ιἰλλδι
641 3239 760 3331 καὶτὰ
778 3236 940 3325 πολεμικά
963 3243 1094 3324 ταχείας
1112 3239 1168 3306 καὶ

226 3479 259 3526 17
271 3469 399 3541 έχοντιΑ
414 3466 503 3541 έχων.
522 3472 544 3524 Β
588 3475 621 3524 18
636 3469 726 3524 ταῦτα
738 3468 760 3524 Ο
773 3487 842 3524 corr.
853 3467 975 3538 Sylburg
1012 3473 1045 3522 19
1060 3462 1168 3532 άπαςΒ
