2660 3986
567 250 600 260 -
639 223 733 274 Γ-
1093 219 1159 285 375

134 379 310 469 Ῥωμαίων
342 378 530 477 βασιλεύςχ
547 375 620 447 ἀλλ’
651 376 1063 468 ἀναστρατοπεδεύσαντες
1096 379 1158 469 ἀμ-

140 488 281 574 φότεροι
303 487 359 555 καὶ
382 489 441 574 τῆς
463 484 618 572 ἀλλήλων
636 490 699 572 γῆς
718 484 820 556 οὐδὲν
840 486 1050 568 κακώσαντες
1073 483 1157 578 ἀπή-

141 614 224 666 εσαν
248 591 298 662 ἐπ’
325 601 430 662 οίκου.
476 591 592 680 γυύμη
617 590 649 660 δ’
675 590 876 682 ἀμφοτέρων
899 586 944 682 ήν
967 592 1067 682 ὁμοία
1090 599 1157 682 μεί-

141 707 223 784 ζονα
246 698 394 787 δύναμιν
413 699 528 788 ἑτέραν
553 699 606 768 ἐπὶ
624 697 686 786 τήν
710 697 864 788 ἀλλήλων
889 700 1003 789 χώραν
1026 700 1156 787 ἐξάγειν

141 811 241 896 ἔαρος
276 803 474 894 ἀρχομένου.
534 805 604 874 ἐπεὶ
646 805 684 874 δέ
716 805 868 895 <πάντα>
905 807 1182 901 παρεσκεύαστοὖ

141 910 271 998 αὐτοῖς,
298 911 455 1001 πρότεροι
483 911 545 999 μὲν
569 913 714 1000 ἐξῆλθον
742 915 778 981 οδ
798 919 944 1000 Σαβῖνοι
971 918 1157 1003 Τυρρηνῶν

85 1025 277 1108 σσθέχοντες
297 1018 471 1110 [δύναμιν]
497 1018 617 1107 ἱκανήν
637 1019 748 1107 [πρὸς]
772 1027 962 1109 συμμαχίαν
979 1022 1036 1091 καλ
1058 1049 1157 1092 κατα-

141 1125 462 1215 στρατοπεδεύονται
479 1126 630 1214 Φιδήνης
647 1132 792 1214 πλησίον
810 1129 886 1214 περλ
904 1127 963 1208 τὰς
985 1128 1157 1216 συμβολὰς

139 1237 204 1302 τοῦ
229 1259 265 1302 τε
288 1231 439 1319 Ἀνίητος
470 1235 526 1302 καὶ
558 1237 620 1302 τοῦ
651 1234 805 1321 Τεβέριος
838 1239 991 1322 ποταμοῦ
1025 1234 1157 1316 διττούς

139 1333 323 1428 βαλόμενοι
345 1339 425 1420 τοὺς
442 1339 588 1428 χάρακας
607 1341 781 1421 ἐναντίους
802 1341 911 1410 τεκαὶ
931 1353 1080 1429 σννεχείς
1098 1340 1154 1411 ἀλ·
1170 1367 1196 1406 ιο

140 1445 270 1534 λήλοις,
299 1447 403 1535 με’σον
432 1451 564 1534 ἔχοντες
589 1445 627 1515 τὸ
655 1444 774 1516 κοινὸν
802 1448 836 1528 ἐξ
864 1446 1063 1535 ἀμφοτέρων
1086 1452 1155 1518 τῶν

139 1557 300 1642 ποταμῶν
328 1554 486 1642 ῥείθρου,
515 1549 567 1640 ἐφ’
594 1543 636 1620 οὗ
668 1553 909 1622 κατεσκεύαστο
942 1557 1074 1642 γέφυρα
1102 1557 1156 1636 ξυ-

140 1659 330 1748 λόφρακτος
353 1658 498 1746 σκύφοις
520 1657 705 1747 ἀνεχομένη
728 1659 785 1728 καὶ
803 1658 988 1746 σχεδίαιςή
1009 1665 1156 1730 ποιοῦσα

139 1771 271 1854 ταχείας
296 1765 356 1848 τάς
384 1765 468 1856 πρὸς
495 1763 661 1853 ἀλλήλους
692 1765 822 1855 ἀφίξεις
848 1767 904 1834 καλ
933 1764 994 1834 τὸν
1025 1766 1156 1855 χάρακα

140 1875 209 1944 ἕνα.
250 1873 445 1962 πυθόμενος
468 1873 506 1942 δέ
528 1871 591 1961 τήν
610 1873 767 1960 εἰσβολήν
791 1870 903 1943 αὐτῶν
927 1871 944 1942 ὁ
968 1873 1156 1961 Ταρκύνιος

1172 1845 1197 1910 4

1169 1932 1195 1972 15

141 1982 235 2068 ἐξῆγε
258 1981 314 2050 καὶ
336 1979 438 2062 αύτὸς
464 1979 502 2050 τὸ
521 1977 694 2069 Ῥωμαίων
723 1979 911 2067 στράτευμα
932 1980 1157 2069 καθιδρύεταί

139 2113 175 2154 τε
202 2087 323 2176 μικρὸν
347 2086 504 2174 ἀνωτέρω
531 2091 589 2175 τῆς
617 2089 754 2156 ἐκείνων
783 2091 1038 2175 στρατοπεδείας
1064 2086 1154 2172 παρὰ

139 2193 201 2262 τὸν
235 2193 369 2280 Ἀνίητα
409 2193 562 2282 ποταμὸν
602 2195 656 2262 ἐπὶ
697 2193 808 2280 λόφον
848 2191 941 2274 τινὸς
982 2197 1154 2282 καρτεροῦ.

140 2299 252 2388 ἀπάση
280 2299 318 2368 δέ
350 2306 525 2390 προθυμίᾳ
557 2297 640 2386 πρὸς
670 2299 732 2369 τὸν
760 2299 908 2388 πόλεμον
944 2299 1154 2388 ὡρμημένων

139 2405 341 2494 ἀμφοτέρων
368 2404 486 2486 ούδελς,
508 2403 601 2493 ἀγὼν
630 2408 666 2475 ἐκ
692 2406 905 2494 παρατάξεως
931 2405 1009 2476 ούτε
1032 2411 1153 2494 μείζων
1167 2427 1195 2470 ιο

140 2511 211 2582 οὔτ’
238 2512 389 2582 ἐλύσσων
417 2511 531 2594 αύτολς
563 2515 717 2600 συνέστη.
760 2516 897 2601 ἷέφθασε
924 2511 989 2600 γάρ
1019 2511 1037 2582 ὁ
1070 2520 1154 2602 Ταρ-

139 2619 256 2701 κύνιος
279 2618 434 2712 ἀγχινοίᾳ
457 2623 664 2709 στρατηγικῇ,
682 2619 791 2688 πάντα
814 2625 1000 2706 συντρίψας
1021 2619 1062 2690 τά
1084 2624 1153 2690 τῶν

140 2732 303 2814 Σαβίνων
329 2727 506 2816 πράγματα
537 2729 593 2796 καλ
624 2725 682 2807 τάς
715 2724 926 2814 παρεμβολὰς
954 2723 1066 2796 αὐτῶν
1094 2725 1153 2813 ἀμ-

140 2835 284 2920 φοτέρας
315 2832 491 2922 ἀράμενος.
545 2832 583 2902 τὸ
618 2833 656 2902 δέ
688 2833 902 2921 στρατήγημα
933 2836 994 2901 τού
1026 2833 1154 2920 ἀνδρὸς

140 2936 274 3007 τοιόνδε
294 2931 351 3026 ἦν·
1169 2959 1196 3000 ετ

212 3129 466 3197 λκακύοαντεςΒ
490 3131 650 3203 δηύοαντες
668 3136 694 3190 Β
770 3125 879 3220 θήνμ
881 3134 911 3188 ία
937 3150 959 3189 ο.
979 3132 1069 3189 Cobet
1088 3133 1152 3190 Obs.

139 3223 167 3275 p.
187 3211 220 3260 ⁷1
294 3199 424 3259 ὃπάντα
442 3205 506 3262 add.
525 3204 668 3276 Kiessling
741 3155 898 3292 ’ίδύκαμιν
917 3221 972 3260 om
977 3201 1062 3292 Β1ί
1060 3201 1153 3274 κακὴν

140 3293 194 3332 om.
218 3276 295 3346 B(?)
316 3279 320 3344 1
340 3271 411 3346 πρὸς
439 3291 493 3332 om.
517 3276 540 3330 Β
630 3282 646 3331 9
675 3271 819 3339 σιττάςΑ
906 3281 940 3331 10
968 3269 1018 3330 ἀλλ
1019 3273 1105 3346 ήλονς
1127 3277 1153 3330 A

141 3352 174 3401 11
203 3344 320 3416 ἔχοντας
348 3363 370 3401 ο.
394 3346 497 3402 Reiske
588 3352 622 3402 14
649 3345 716 3409 τούς
743 3345 797 3402 δύο
824 3344 953 3418 χάρακας
981 3296 1037 3401 ἕνα
1062 3342 1153 3402 ἐποίει

140 3434 163 3472 ο.
182 3417 286 3472 Reiske
360 3423 394 3473 16
412 3414 444 3473 τὸ
464 3415 638 3488 ὅομαίωνΒ
663 3415 763 3505 τωνρ
782 3420 808 3472 Α
827 3422 831 3486 1
851 3415 1042 3487 καθιδρύεται
1061 3418 1083 3471 Β
1102 3438 1152 3472 κοι-

139 3490 276 3559 θίδρυται
293 3491 319 3544 Β
393 3495 425 3544 17
444 3509 474 3544 τε
494 3506 547 3546 om
567 3489 612 3544 Ba
685 3494 717 3544 18
737 3491 853 3557 ανίηιτα
870 3489 896 3542 A
