2670 3984
617 247 782 300 -Α-

193 405 375 494 ἀσφαλείας
398 434 432 476 τε
456 407 602 475 καὶτῶν
625 404 710 493 πρὸς
736 403 816 486 τοὺς
839 405 943 486 θεοὺς
966 403 1072 476 ὁσίων
1097 409 1214 500 ἕνεκα)

194 511 303 582 οάκέτι
325 513 466 604 προσῄει
487 527 558 594 τοῖς
582 517 695 600 ίεροῖς,
724 511 809 582 ἀλλά
832 511 890 581 διὰ
912 518 980 582 τῶν
1005 513 1120 584 ἀλλων
1144 518 1213 602 ἐγί-

193 647 269 689 νετο
296 623 498 707 παρθένων,
525 614 578 699 αἶς
605 618 643 687 τὸ
672 616 754 687 αάτδ
781 621 975 706 προσέκειτο
1004 625 1122 708 ἔργον,
1147 619 1213 690 ὅσα

192 735 400 813 λειτουργεῖν
424 730 557 814 ἐκείνην
581 729 658 794 ἔδει.

154 871 166 911 ⁵
283 853 462 920 LXXVIII.
492 839 644 939 Ἀμόλιός
668 849 705 918 δὲ
728 859 793 918 είτε
815 847 898 918 κατὰ
924 851 985 938 τὴν
1009 855 1209 938 συνείδησιν

191 961 259 1026 τῶν
291 959 513 1044 πραχθέντων
546 965 611 1024 είτε
642 954 787 1046 ὑπονοίᾳ
823 960 891 1024 τῶν
928 957 1068 1025 είκότων
1105 982 1208 1046 προα-

192 1063 287 1150 χθείς
314 1067 456 1149 ἔρευναν
486 1065 628 1131 ἐποιεῖτο
656 1067 715 1149 τῆς
742 1068 882 1150 χρονίου
912 1067 980 1131 τῶν
1005 1067 1106 1150 ίεριόν
1130 1063 1208 1133 ἀπο-

192 1168 348 1254 στάσεως,
371 1167 453 1238 κατὰ
476 1175 552 1238 τίνα
573 1174 700 1255 γίνεται
724 1166 855 1256 μάλιστ’
877 1173 988 1237 αἰτίαν
1013 1170 1151 1258 ίατροός
1173 1199 1207 1240 τε

193 1271 243 1356 οἷς
257 1275 399 1364 μάλιστα
413 1278 584 1344 ἐπίστευεν
600 1277 790 1362 εἰσπέμπων
804 1275 870 1360 καὶ,
885 1275 999 1364 ἐπειδὴ
1018 1276 1081 1364 τὴν
1100 1277 1205 1346 νόσον
1309 1277 1310 1308 ³

152 1401 178 1441 10
192 1387 230 1450 αί
249 1397 406 1468 γυναῖκες
428 1381 620 1472 ἀπόρρητον
638 1380 834 1470 ἀνθρώποις
856 1380 998 1472 ᾐτιῶντο
1023 1381 1122 1470 εἶναι,
1143 1384 1205 1472 τὴν

151 1473 313 1558 2ἑαυτοῦ
336 1504 480 1575 γυναῖκα
504 1489 637 1578 φύλακα
660 1493 719 1575 τῆς
736 1487 839 1576 κόρης
860 1489 1062 1558 καταλιπων.
1100 1489 1146 1570 ὡς
1169 1489 1206 1558 δὲ
1310 1537 1311 1566 ι

190 1595 374 1683 κατήγορος
405 1594 489 1683 αὕτη
521 1599 582 1665 τοῦ
610 1594 744 1674 πόθους
773 1596 903 1680 ἐγένετο
931 1601 1107 1685 γυναικείᾳ
1137 1623 1206 1665 τεκ-

190 1703 310 1791 μάρσει
342 1699 380 1771 τὸ
413 1701 540 1790 ἀφανὲς
566 1716 637 1781 τοῖς
668 1699 783 1780 ἀλλοις
814 1699 1021 1788 ἀνευροῦσα,
1053 1705 1112 1789 τῆς
1144 1702 1205 1791 μὲν

189 1809 325 1895 παιδός,
354 1807 399 1890 ὡς
427 1810 471 1896 μὴ
501 1807 591 1897 λάθη
619 1811 762 1876 τεκοῦσα
790 1798 847 1895 (ἦν
876 1806 913 1876 δὲ
942 1805 983 1875 οὐ
1005 1810 1121 1895 πρόσω
1144 1814 1205 1878 τοῦ

150 1941 178 1982 1⁵
191 1916 308 2006 τόκου)
336 1913 491 2003 φυλακὴν
520 1917 663 1983 ἐποιεῖτο
693 1911 738 1981 δι’
764 1911 891 1982 ὅπλων·
924 1912 1025 1994 αὐτὸς
1053 1915 1091 1982 δὲ
1112 1917 1204 1985 καλέ·
1311 1901 1312 1914 λ

136 2103 142 2116 ι
191 2042 251 2104 σας
274 2023 334 2092 τὸν
357 2020 507 2109 ἀδελφὸν
531 2025 578 2101 είς
600 2023 638 2089 ιδ
666 2021 848 2108 συνέδριον
871 2025 929 2107 τῆς
951 2047 986 2088 τε
1011 2023 1256 2092 λανθαυοό-198

191 2149 251 2216 σης
272 2128 351 2209 τοὺς
373 2127 498 2206 ἀλλους
520 2131 656 2213 φθορᾶς
679 2123 828 2213 μηνυτὴς
855 2132 983 2212 γίνεται
1010 2128 1066 2194 καὶ
1089 2125 1204 2217 ᾐτιᾶτο

190 2248 457 2324 συγκακουργεῖν
488 2237 528 2322 τῇ
560 2232 644 2322 κόρη
677 2231 755 2312 τοὺς
787 2247 899 2320 γονεῖς
932 2235 1063 2302 ἐκέλευέ
1091 2261 1127 2304 τε
1159 2235 1205 2324 μὴ

150 2331 170 2396 3
188 2341 347 2428 κρύπτειν
371 2339 431 2409 τὸν
450 2341 684 2427 εἰργασμένου,
708 2335 782 2407 ἀλλ’
803 2343 850 2420 είς
868 2341 972 2426 μέσον
991 2339 1097 2426 ἀγειν.
1138 2349 1204 2411 Νε-

149 2463 176 2502 2⁰
190 2449 298 2535 μέτωρ
323 2446 360 2515 δὲ
382 2445 583 2533 παραδόξων
605 2471 640 2513 τε
663 2444 776 2532 λόγων
794 2443 932 2514 ἀκούειν
956 2450 1020 2533 ἔφη
1043 2447 1099 2514 καὶ
1122 2471 1204 2517 παν-

188 2551 245 2632 τὸς
268 2551 418 2633 ἀναίτιος
437 2550 525 2621 είναι
543 2553 605 2619 τοῦ
624 2553 809 2638 λεγομένου
827 2550 954 2639 χρόνον
972 2578 1007 2620 τε
1030 2549 1128 2638 ἠξίου
1145 2561 1203 2641 βα-

189 2659 298 2727 σάνου
315 2663 374 2746 τῆς
392 2657 553 2746 ἀληθείας
576 2660 672 2726 ἕνεκα
691 2664 823 2744 λαβεῖν·
845 2655 957 2745 τυχόν
978 2657 1015 2727 δέ
1034 2655 1204 2749 ἀναβολῆς

189 2765 299 2854 μόλις,
324 2763 436 2852 ἐπειδὴ
464 2767 502 2834 τὸ
530 2769 666 2853 πρᾶγμα
694 2763 783 2850 παρὰ
805 2768 864 2852 τῆς
891 2763 1053 2851 γυναικὸς
1075 2771 1203 2854 ἔμαθεν

189 2870 234 2954 ὡς
256 2872 276 2960 ἡ
300 2887 378 2952 παῖς
401 2875 438 2941 ἐν
461 2873 577 2960 ἀρχαῖς
600 2869 808 2958 ἀφηγήσατο,
831 2869 891 2938 τόν
914 2897 949 2938 τε
972 2871 1120 2960 βιασμὸν
1142 2873 1203 2942 τὸν

148 2992 174 3034 ²⁵
188 2979 253 3050 ὑπὸ
276 2984 338 3048 τοῦ
356 2983 442 3048 θεοῦ
464 2978 650 3065 γενόμενον
669 2976 833 3065 ἀπέφαινε
852 2976 1004 3057 καὶτοὺς
1023 2979 1204 3065 λεχθέντας

259 3159 363 3214 8τεΒ
390 3155 467 3213 δλΙλ
549 3163 582 3212 10
601 3151 739 3226 ἀνδράσιν
765 3171 787 3209 ο.
807 3155 915 3224 Kayser
937 3156 1009 3210 Ann.
1034 3154 1103 3225 phil.
1132 3163 1200 3212 1861

235 3236 251 3284 6
329 3235 362 3284 11
387 3223 548 3284 καταλιπόν
571 3225 731 3313 Kiessling
744 3227 896 3281 κατέλιπεν
920 3225 942 3281 Ο
975 3228 1154 3281 καταλείπων
1178 3245 1201 3283 ο.

186 3249 331 3386 Rayserl
350 3301 494 3356 l.12
518 3317 590 3386 αντη
615 3297 661 3352 Bb
694 3292 768 3366 αάτὴ
796 3298 872 3350 ΑΒω
964 3304 996 3352 13
1019 3292 1126 3381 τεκμάρ
1128 3300 1202 3354 σιΒ

225 3377 258 3426 14
266 3367 370 3458 πόρρω
394 3371 417 3424 Β
504 3376 536 3424 19
560 3387 610 3422 τον
633 3367 818 3455 εἰργασμένον
842 3367 999 3454 BReiske,
1027 3365 1058 3422 τὸ
1084 3367 1152 3439 είργ.
1177 3371 1203 3424 R

188 3449 221 3497 22
241 3439 277 3511 δὴ
285 3444 377 3566 AB}
444 3446 477 3496 23
497 3435 626 3510 μόνηςΒ
702 3444 737 3494 24
760 3434 928 3508 ἀφηγήσατο
951 3435 983 3494 τὸ
1007 3439 1124 3509 πρᾶγμα
1148 3441 1202 3494 AB

223 3507 293 3567 λό’
276 3532 333 3566 απο
