2698 3982
541 265 707 316 -A-
1089 263 1130 328 91

115 422 154 488 έν
178 425 224 513 τῷ
248 421 391 511 παρόντι
413 419 612 508 καταγωγὴν
636 427 775 490 έσεσθαι
797 436 869 502 τοίς
896 428 1023 510 Τρωσί·
1052 421 1132 510 μετὰ

116 525 155 594 δέ
177 527 362 608 τοσούτους
389 525 565 608 ἐνιαυτούς
593 525 697 609 ὅσους
719 523 763 598 άν
790 527 811 615 ἡ
834 519 875 610 ύς
896 531 973 618 τέκη
996 535 1133 620 χοίρους

113 632 362 720 κτισθήσεσθαι
383 631 468 723 πρὸς
485 638 554 704 τῶν
573 636 607 715 ἐξ
625 635 757 704 ἐκείνου
775 637 1013 722 γενησομένων
1031 635 1132 704 πόλιν

115 740 235 828 ἑτέραν
262 725 448 828 εὐδαίμονα
474 741 531 808 καὶ
554 740 712 828 μεγάλην.
748 739 905 828 μαθόντα
929 739 966 812 δέ
988 739 1049 810 τὸν
1073 746 1132 810 Αί-

114 850 213 914 νείαν
235 847 292 914 καί
305 852 493 936 νομίσαντα
508 845 689 934 δαιμόνιόν
703 873 736 915 τι
757 845 796 916 τὸ
810 851 921 934 χρῆμα
943 851 1133 935 τῆςφωνῆς
1147 865 1160 906 ⁶

114 947 205 1018 εἶναι
226 967 338 1022 ποιεῖν
361 951 406 1033 ὥς
429 951 447 1023 ὁ
470 951 553 1034 θεὸς
575 955 735 1023 έκέλευεν.
782 955 889 1040 ἕτεροι
909 953 951 1022 δὲ
973 955 1133 1040 λέγουσιν
1152 955 1173 1021 5

114 1054 347 1144 ἀδημονοῦντι
376 1063 422 1151 τῷ
455 1057 557 1148 άυδρί
588 1059 644 1126 καί
674 1058 845 1148 παρεικότι
875 1057 913 1130 τὸ
945 1062 1040 1147 σῶμα
1066 1056 1132 1128 ὑπὸ

113 1162 223 1250 λύπης
249 1166 305 1232 καὶ
334 1164 411 1234 οὕτε
440 1165 494 1234 ἐπὶ
520 1163 558 1236 τδ
588 1165 815 1252 στρατόπεδον
842 1165 1026 1253 καταβάντι
1056 1164 1133 1234 οὔτε

114 1284 191 1340 σῖτα
214 1273 524 1362 προσενεγκαμένῳ,
547 1269 652 1340 αὐτοῦ
677 1271 715 1340 δὲ
729 1268 775 1352 ὡς
796 1277 911 1360 ἔτυχεν
935 1269 1134 1342 αὐλισθέντι

112 1375 177 1464 τὴν
200 1376 294 1447 νύκτ’
316 1380 460 1465 ἐκείνην,
482 1380 657 1465 ἐπιστῆναι
672 1377 821 1465 μεγάλην
839 1376 916 1448 τινὰ
930 1379 987 1448 καὶ
1000 1388 1133 1466 θαυμα-
1148 1409 1174 1448 ιο

115 1481 199 1570 στὴν
222 1486 387 1554 ἐνυπνίου
409 1488 478 1553 τῶν
500 1483 597 1552 θεῶν
619 1511 688 1554 τινι
710 1489 779 1554 τῶν
793 1490 943 1574 πατρίων
967 1490 1133 1554 εἰκασθεῖ-

114 1607 180 1658 σαν
204 1588 286 1672 όυιν
308 1588 349 1660 τὰ
372 1591 536 1677 λεχθέντα
559 1595 665 1683 μικρῷ
680 1591 845 1678 πρότερον
868 1589 1134 1680 ὑποτιθεμένην·

116 1694 285 1785 ὁποτέρας
318 1695 356 1764 δὲ
386 1695 532 1784 τάληθὲς
563 1701 630 1784 ἔχει
661 1706 757 1777 θεοῖς
792 1693 836 1765 ἂν
867 1705 918 1784 ελη
951 1697 1134 1786 γνάριμον.

116 1806 158 1891 τῇ
192 1801 224 1870 δ’
255 1804 330 1890 ἑξῆς
359 1801 466 1894 ἡμέρῳ
497 1802 678 1891 τριάκοντα
709 1805 839 1890 λέγεται
872 1809 1010 1891 χοίρους
1040 1803 1061 1892 ἡ
1094 1797 1134 1886 ύς

117 1911 278 1996 ἐκτεκεῖν,
305 1911 362 1978 καὶ
388 1909 564 1990 τοσούτοις
595 1912 762 1990 ἐνιαυτοῖς
793 1907 935 1998 ὕστερον
968 1909 1032 1980 ὑπὸ
1064 1917 1133 1982 τῶν
1148 1935 1174 1976 ιι

57 2043 114 2092 144
122 2014 251 2103 Τρώων
281 2017 377 2104 ἑτέρα
408 2021 591 2104 κτισθῆναι
622 2016 719 2097 πόλις
753 2015 836 2085 κατὰ
871 2015 909 2085 τὸ
946 2019 1133 2104 θέσφατον,

115 2119 201 2209 ὑπὲρ
224 2113 266 2208 ἧς
288 2124 325 2190 έν
348 2127 437 2215 <τςό>
462 2128 574 2215 οἰκείῳ
595 2122 687 2213 τόπῳ
711 2125 913 2210 διαλέξομαι.

181 2230 284 2298 LVII.
316 2233 457 2308 Αίνείας
480 2229 517 2298 δὲ
540 2233 598 2315 τῆς
621 2229 684 2316 μὲν
706 2226 767 2309 ὑὸς
794 2226 855 2298 τὸν
877 2227 980 2298 τόκου
1002 2225 1071 2315 ἅμα
1094 2233 1133 2318 τῇ

113 2337 298 2422 γειναμένη
328 2349 399 2414 τοῖς
427 2334 595 2426 πατρῴοις
624 2333 727 2422 ἁγίζει
757 2343 853 2414 θεοῖς
882 2336 920 2404 έν
946 2338 992 2425 τῷ
1022 2341 1133 2426 χωρίῳ

114 2439 209 2532 τῷδ’,
233 2432 275 2508 οὗ
297 2444 364 2509 νύν
391 2445 482 2511 έστιν
505 2440 527 2529 ἡ
551 2441 679 2526 καλιάς,
701 2441 758 2508 καὶ
780 2439 887 2527 αύτην
902 2444 937 2512 οί
950 2441 1133 2510 Λαουινιά-
1148 2474 1175 2514 ει

53 2635 61 2650 .
114 2573 169 2616 ται
191 2561 265 2626 τοῖς
286 2545 402 2628 ἄλλοις
424 2547 551 2635 ἄβατον
575 2547 801 2635 φυλάττοντες
824 2545 919 2634 ἱερὰν
941 2552 1132 2634 νομίζουσι·

114 2667 185 2734 τοῖς
213 2652 253 2721 δὲ
280 2654 390 2741 Τρωσὶ
419 2657 785 2744 μεταστρατοπεδεῦσαι
811 2653 969 2733 κελεύσας
997 2655 1049 2723 ἐπὶ
1071 2653 1133 2722 τὸν

114 2759 227 2847 λόφον
252 2759 402 2847 ἱδρύεται
424 2758 465 2829 τά
489 2763 548 2848 ἕδη
571 2766 640 2830 τῶν
654 2765 747 2829 θεῶν
766 2762 804 2828 έν
826 2764 871 2852 τῷ
895 2765 1059 2851 κρατίστῳ
1078 2761 1133 2828 καὶ

115 2865 235 2935 αὐτίκα
261 2867 339 2952 περὶ
366 2865 429 2954 τὴν
461 2866 669 2954 κατασκευὴν
699 2871 760 2935 τού
789 2872 992 2955 πολίσματος
1021 2865 1132 2954 ἁπάση

186 3031 203 3082 ὅ
222 3009 375 3096 δαιμόνιόν
393 3046 421 3080 τι
439 3029 595 3098 νομίσαντα
609 3028 634 3082 R
649 3029 654 3096 Ι
670 3023 702 3082 τό
722 3025 785 3082 αδδ.
795 3025 931 3080 Bficheler
985 3032 1001 3080 6
1015 3025 1133 3092 ποιῆσαι

114 3115 138 3154 ο.
153 3097 259 3154 Reiske
318 3104 335 3152 8
355 3091 402 3152 έπλ
419 3094 451 3151 τὸ
471 3093 663 3166 στρατόπεδον
678 3096 904 3166 (Db)B1'ieheler
922 3091 970 3152 έπλ
983 3096 1033 3150 τοῦ
1052 3113 1132 3164 στρα-

113 3167 239 3224 τοπέδου
257 3167 281 3222 Β
299 3163 356 3222 ύπδ
376 3169 426 3223 τοῦ
446 3167 638 3237 στρατοπέδου
654 3169 680 3223 Α
745 3175 778 3222 10
797 3165 912 3222 *νύκτα
931 3166 954 3222 O
1020 3173 1052 3220 13
1067 3161 1134 3220 ὁπο-

113 3237 255 3308 τέρωιςΒ
329 3245 362 3294 15
380 3239 478 3293 τῶνΒ
501 3256 557 3294 om.
579 3238 606 3292 R
678 3245 710 3293 1⁷
729 3239 767 3311 τῷ
792 3238 856 3293 add.
871 3237 1133 3307 GraaborgerTess,

113 3310 231 3380 Herbip.
249 3327 277 3378 p.
298 3315 331 3364 15
405 3316 438 3364 19
457 3305 609 3379 όιγιάζειΒ
681 3317 716 3365 20
734 3304 804 3364 τῶδ’
823 3310 847 3363 Β
865 3308 937 3379 τῷδε
956 3309 982 3362 R
1006 3309 1011 3376 Ι
1036 3302 1133 3363 υύινά-

113 3401 161 3436 ται
180 3381 234 3436 ΑΒ
308 3385 342 3436 ει
361 3383 420 3443 τοις
437 3385 550 3444 munes
568 3398 590 3438 ι.
610 3381 738 3437 Hertlein
756 3364 873 3436 Hermes
892 3377 918 3432 x
936 3397 964 3448 p.
983 3385 1035 3434 409
1099 3386 1134 3436 ει

114 3452 193 3524 περὶ]
215 3447 263 3506 έπλ
293 3469 316 3506 α.
336 3451 459 3508 Βααδλοι·
477 3453 568 3508 Τίεοο.
593 3466 620 3522 p.
645 3459 679 3506 14
712 3448 760 3506 έπλ
788 3451 833 3506 vel
860 3444 931 3520 πρὸς
959 3466 982 3505 ο.
1007 3450 1134 3506 ΗετθΙεὶα

114 3523 233 3579 Hermes
252 3521 278 3576 X
296 3542 324 3593 p.
344 3529 396 3578 409
