2660 3986
604 209 770 260 -Γ-

181 366 219 436 θὲ
241 371 302 437 τοῦ
330 366 461 436 Τύλλου
484 365 648 435 λελύσθαι
672 371 768 454 σφίσι
789 365 849 447 τάς
875 370 951 456 περὶ
979 373 1037 456 τῆς
1059 369 1196 456 εἰρήνης

138 478 161 541 4
181 472 369 561 ὁμολογίας.
411 470 637 560 ἀναγκασθείς
657 473 699 561 δὴ
720 472 775 542 θιά
793 473 991 555 ταύταςτὰς
1014 480 1122 555 αίτίας
1139 476 1195 543 καὶ

179 579 372 670 ἀποκρίσεις
394 585 462 648 τών
488 586 644 650 Λατίνων
673 578 691 649 ό
715 580 871 670 Μάρκιος
898 581 1007 668 ἐξάγει
1035 580 1194 668 στρατιὰν

180 685 230 755 ἐπ’
248 685 371 768 αὐτοὺς
384 689 440 755 καὶ
454 687 766 775 προσκαθεζόμενος
780 692 819 777 τῇ
834 687 929 758 πόλει
942 687 1076 775 <αότών
1091 697 1194 758 Πολι-

152 798 321 886 ετωρίιμ),
349 795 430 879 πρὶν
463 797 659 883 ἐπικουρίαν
690 793 766 864 τινά
798 809 868 876 τοῖς
895 796 1195 883 πολιορκουμένοις

179 903 214 970 ἐκ
251 905 319 970 τών
357 899 469 970 ἀλλων
507 899 691 988 ἀφικέσθαι
728 906 902 988 Λατίνων,
939 901 1194 990 παραλαμβάνει

178 1006 240 1095 τὴν
268 1007 369 1076 πόλιν
397 1005 476 1074 καθ’
504 1005 696 1095 ὁμολογίας·
734 1006 774 1076 οὐ
803 1010 918 1096 μέντοι
950 1009 1088 1096 διέθηκε
1113 1007 1194 1088 τοὺς

179 1110 386 1202 ἀνθρώπους
404 1111 530 1182 δεινὸν
559 1112 681 1200 οὐθέν,
714 1111 788 1182 ἀλλ’
815 1120 952 1202 ἔχοντας
980 1113 1020 1184 τά
1049 1117 1193 1203 σφέτερα

178 1222 347 1309 πανδημεί
378 1219 565 1308 μετήγαγεν
602 1224 650 1300 είς
672 1217 803 1308 Ῥώμην
834 1223 890 1290 καὶ
921 1225 1114 1310 κατένειμεν
1147 1225 1194 1302 είς

139 1354 165 1394 10
180 1325 298 1413 φυλάς.

267 1435 452 1502 XXXVIII.
480 1437 532 1526 Τῷ
558 1430 588 1500 θ’
609 1434 683 1521 ἑξῆς
706 1437 848 1528 ἐνιαυτῷ
868 1440 1025 1504 Λατίνων
1048 1440 1096 1515 είς
1119 1440 1193 1524 ἐρη-

178 1566 244 1627 μον
267 1541 305 1609 τὸ
326 1539 538 1630 Πολιτώριον
568 1542 723 1622 ἐποίκους
750 1539 1020 1611 ἀποστειλάντων
1048 1543 1104 1610 καὶ
1130 1541 1192 1628 τὴν

178 1649 246 1715 τών
280 1653 524 1736 Πολιτωρίνων
556 1647 670 1737 χώραν
705 1651 977 1736 ἐπεργαζομένων
1011 1646 1192 1735 ἀναλαβών

177 1752 239 1840 τὴν
255 1751 403 1841 δύναμιν
422 1752 444 1822 ό
455 1754 611 1842 Μάρκιος
625 1747 707 1842 ἦμεν
721 1753 772 1824 ἐπ’
789 1753 921 1836 αὐτούς.
943 1755 1186 1845 προελθόντων
1193 1767 1247 1820 522
1318 1765 1319 1800 ³

139 1885 164 1926 ιτ
180 1859 217 1928 δὲ
239 1863 301 1930 τοῦ
327 1865 458 1948 τείχους
479 1867 548 1931 τῶν
570 1868 727 1931 Λατίνων
750 1864 805 1930 καί
828 1864 1112 1951 παραταξαμένων
1139 1889 1190 1931 νι-

177 1965 282 2054 κήσας
309 1965 431 2048 αὐτοὺς
458 1968 711 2056 παραλαμβάνει
737 1967 799 2056 τὴν
826 1968 927 2037 πόλιν
954 1967 992 2038 τὸ
1021 1968 1190 2058 δεύτερον.

179 2073 348 2162 ἐμπρήσας
372 2075 409 2143 δὲ
431 2074 491 2156 τὰς
514 2079 621 2155 οίκίας
638 2075 694 2143 καί
712 2073 750 2143 τό
770 2090 877 2163 τεῖχος
894 2073 1117 2161 κατασκάψας,
1135 2079 1193 2144 ἴνα

179 2181 290 2268 μηθὲν
314 2174 416 2262 αὖθις
440 2180 646 2271 ὁρμητήριον
671 2187 779 2268 ἔχοιεν
804 2185 839 2249 οί
859 2185 1012 2270 πολέμιοι
1035 2179 1113 2270 μηδ’
1139 2183 1192 2268 ἐρ·

143 2287 332 2374 2χάζοιντο
359 2287 422 2376 τὴν
449 2292 530 2377 γῆν,
559 2287 664 2376 ἀπῆγε
691 2286 753 2376 τὴν
778 2289 946 2374 στρατιάν.
990 2293 1035 2380 τῷ
1060 2287 1091 2355 θ’
1118 2289 1193 2375 ἑξῆς
1319 2291 1320 2308 ’

138 2419 164 2458 νο
179 2399 243 2464 ἔτει
274 2403 416 2464 Λατῖνοι
443 2396 504 2484 μὲν
533 2398 586 2464 ἐπὶ
613 2399 813 2464 Μεδυλλίαν
843 2393 942 2464 πόλιν
971 2395 1192 2481 στρατεύσαν-

177 2527 244 2586 τες,
273 2503 310 2570 ἐν
337 2494 359 2591 ᾖ
384 2500 556 2590 Ῥωμαίων
584 2494 671 2590 ἦσαν
702 2501 852 2588 ἀποικοι,
884 2501 1193 2589 προσκαθεζόμενοι

129 2681 134 2690 ,
177 2611 222 2698 τῷ
250 2612 350 2695 τείχει
377 2610 433 2676 καὶ
464 2607 680 2696 πανταχόθεν
711 2608 934 2696 ποιησάμενοι
960 2608 1020 2689 τὰς
1045 2613 1192 2696 προσβο-

177 2711 237 2794 λάς
259 2717 416 2802 αἱροῦσιν
444 2712 550 2802 αὐτὴν
580 2713 663 2784 κατὰ
688 2715 818 2803 κράτος.
863 2714 1019 2800 Μάρκιος
1049 2713 1087 2784 δὲ
1114 2722 1192 2784 Τελ-

177 2820 282 2908 λήνας
308 2819 408 2890 πόλιν
437 2825 505 2890 τών
528 2826 687 2891 Λατίνων
715 2824 862 2910 ἐπιφανῆ
889 2820 973 2890 κατά
998 2822 1059 2891 τὸν
1087 2819 1191 2890 αὐτὸν

249 3058 264 3107 2
285 3051 378 3115 αἰτίας
396 3053 446 3107 καί
465 3070 518 3108 om.
538 3053 560 3107 Β
581 3048 724 3117 αόθάόεις
746 3071 769 3110 ο.
789 3053 960 3140 Grasberger
979 3053 1055 3108 Τεεε.
1075 3051 1190 3122 Herbip

176 3143 203 3195 p
224 3131 257 3180 16
330 3123 381 3179 4*
390 3125 428 3197 τῷ
447 3127 610 3198 Πολιτωρίῳ
630 3125 802 3195 Sylburg
770 3145 803 3196 τη
823 3119 955 3210 κόλειΟ,
975 3124 1024 3178 sed
1041 3124 1109 3178 inB
1126 3125 1192 3192 post

176 3195 258 3250 πόλει
271 3195 375 3265 viginti
391 3179 451 3250 θέτε
469 3197 583 3251 litterae
597 3213 694 3252 erasae
767 3202 783 3250 9
804 3191 892 3258 είς
861 3215 913 3258 τας
931 3167 1024 3264 φυλὰς
1047 3211 1070 3249 ο.
1088 3194 1171 3265 Pflug
1170 3195 1192 3248 k

178 3274 210 3322 12
230 3264 364 3330 ἐποίκους
381 3267 404 3320 Β
423 3262 603 3331 ἀποίκουςΒ
681 3273 714 3322 13
733 3271 853 3338 πολιτωρ
855 3269 907 3321 ίων
931 3267 953 3322 Ο
977 3283 1047 3321 corr.
1067 3265 1085 3320 S
1087 3266 1192 3352 ylburg

178 3344 211 3394 18
231 3339 320 3409 μηδὲν
335 3337 357 3394 O
371 3339 514 3408 praeterB
569 3345 603 3394 20
617 3287 853 3409 μεθόλλειανῡρ
879 3343 911 3392 21
927 3339 1193 3423 προκατασκευαζό-

176 3408 294 3480 μενοιΟ
313 3411 466 3480 praeterB
539 3416 572 3465 22
596 3411 645 3464 καὶ
668 3410 691 3464 Β
711 3427 766 3466 om.
784 3409 809 3464 Β
888 3416 922 3465 23
947 3404 1053 3480 μάρκος
1072 3407 1095 3462 O
1112 3412 1116 3478 Ι
1132 3412 1192 3462 τελ·

176 3430 263 3550 λῆνας
280 3482 303 3536 Β
322 3483 452 3536 τελλίνων
470 3481 496 3535 Β
