2660 3986
186 384 242 451 καὶ
265 386 324 470 τῆς
342 387 550 468 συγγενείας,
572 369 613 468 ής
631 375 698 469 εἶχε
716 377 802 467 πρὸς
818 377 856 449 τὸ
876 384 990 465 ἔθνος,
1012 377 1203 467 ὑπομιμνη-

89 493 102 519 “
187 489 339 560 σκόντων
364 491 401 557 ἓν
423 492 523 557 τοῦτο
547 486 656 575 μόνον
680 491 744 574 ἔφη
773 484 852 574 παρ’
878 481 991 554 αὐτῶν
1013 485 1203 573 βούλεσθαι
1317 513 1320 524 ·

186 605 327 684 μαθεῖν,
350 595 493 685 πότερον
518 598 566 663 ἔτι
590 595 810 682 διαφέρονται
837 594 913 682 περὶ
939 595 1009 661 τῶν
1037 600 1121 662 ἴσων
1144 593 1203 662 καί

187 703 240 770 έπλ
260 705 374 790 ῥητοῖς
390 721 458 770 τισι
475 699 535 782 τὰς
547 705 623 789 περὶ
640 703 699 788 τῆς
718 699 854 790 εἰρήνης
873 697 1053 787 ὁμολογίας
1065 697 1202 787 πάρεισι

159 808 421 898 εποιησόμενοι,
455 803 477 896 ή
510 807 802 896 συγγινώσκουσιν
839 808 971 902 ἑαυτοῖς
1001 809 1201 894 κεκρατημέ·

93 913 96 916 ’
185 942 260 996 νοις
281 916 338 984 καὶ
359 913 420 996 τὰς
440 912 555 995 πόλεις
577 915 813 1002 ἐπιτρέπουσιν
836 912 936 1008 αὐτῷ.
976 909 1200 1002 ἀποκριναμέ·

186 1048 258 1090 νων
282 1020 312 1090 δ’
339 1021 453 1091 αὐτῶν
477 1018 530 1090 ὅτι
551 1023 608 1089 καὶ
629 1019 689 1100 τὰς
710 1020 825 1100 πόλεις
847 1021 1084 1110 ἐπιτρέπουσιν
1107 1016 1200 1112 αὐτῷ

185 1125 241 1196 καλ
263 1126 325 1216 τήν
349 1127 488 1217 εἰρήνην
512 1128 708 1215 στέρξουσιν
732 1125 786 1214 ἐφ’
812 1122 863 1208 οἷς
885 1125 929 1195 ἀν
951 1152 1031 1196 ποτε
1056 1130 1200 1206 δικαίοις

186 1232 288 1322 αάτής
327 1233 467 1322 τύχωσι,
511 1231 692 1322 περιχαρής
738 1235 791 1302 ἐπὶ
831 1232 965 1315 τούτοις
1004 1233 1199 1321 γενόμενος,

145 1311 358 1440 {unomen
380 1344 462 1427 νῦν,
485 1345 626 1429 έφησεν,
649 1339 703 1429 ἐφ’
729 1335 780 1421 οἷς
801 1340 1030 1428 καταλύσομαι
1051 1339 1113 1409 τὸν
1135 1339 1196 1408 πό-

184 1456 287 1536 λεμον
315 1452 460 1528 δικαίοις
485 1449 542 1516 καὶ
568 1453 664 1528 τίνας
688 1445 772 1536 ὑμίν
802 1452 926 1536 δίδωμι
949 1448 1098 1537 χάριτας·
1130 1444 1197 1534 έγά

188 1559 374 1644 Τυρρηνῶν
401 1552 478 1624 οὔτε
505 1552 702 1624 ἀποκτεῖναί
726 1581 804 1624 τινα
825 1553 1005 1643 πρόθυμός
1026 1558 1094 1641 εἰμι
1117 1551 1196 1622 οὔτε

184 1661 322 1750 φυγάδα
353 1665 492 1750 ποιήσαι
527 1665 587 1748 τῆς
617 1665 779 1749 πατρίδος
810 1659 887 1731 οὔτε
919 1660 1094 1750 ἀφαιρέσει
1126 1663 1196 1729 τῶν

184 1767 405 1857 ὑπαρχόντων
429 1772 590 1855 ζημιῶσαι
611 1767 671 1848 τός
693 1794 729 1836 τε
746 1767 860 1848 πόλεις
881 1765 964 1855 ὑμῖν
987 1766 1110 1855 ἀφίημι
1130 1766 1195 1836 τιά-

144 1895 170 1936 1⁶
185 1896 246 1956 σας
267 1873 505 1964 ἀφρουρήτους
526 1874 583 1943 καλ
605 1871 882 1962 ἀφορολογήτους
905 1876 961 1943 καὶ
984 1873 1198 1962 αὐτονόμους

183 1987 351 2062 πολιτείας
373 2008 408 2051 τε
430 1981 559 2070 κόσμον
588 1978 708 2070 ἑκάστη
736 1980 917 2069 φυλάττειν
946 1983 1108 2069 συγχωρῶ
1135 1979 1197 2050 τὸν

144 2091 164 2156 3
184 2087 336 2176 ἀρχαῖον.
382 2080 500 2169 διδοὺς
523 2087 561 2156 δέ
582 2086 685 2157 ταῦθ’
710 2085 792 2175 ὑμίν
816 2090 854 2156 ἓν
878 2097 990 2176 οἴομαι
1015 2091 1088 2156 δεῖν
1110 2085 1195 2157 ἀνθ’

184 2186 233 2263 ὧν
258 2198 381 2282 δίδωμι
398 2194 535 2264 πάντων
557 2192 702 2283 ὑπάρξαι
725 2221 783 2282 μοι
801 2193 881 2285 παρ’
901 2192 1014 2284 ὑμῶν,
1036 2193 1098 2283 τήν
1121 2193 1198 2283 ήγε-

183 2306 307 2387 μονίαν
333 2305 402 2370 τοῖιν
425 2300 572 2387 πόλεων,
605 2292 645 2388 ής
673 2301 790 2390 κύριος
820 2301 883 2390 μὲν
916 2308 1033 2391 ἔσομαι
1061 2305 1117 2371 καλ
1146 2302 1250 2392 μήεςς

143 2427 170 2470 νο
182 2410 402 2496 βουλομένων
430 2405 527 2496 ὑμῶν
555 2409 618 2488 ἕως
649 2403 693 2478 ἀν
720 2412 830 2497 κρατῶ
857 2423 928 2490 τοῖς
956 2407 1087 2497 ὅπλοις,
1113 2410 1194 2498 παρ’

183 2513 331 2583 ἑκόντων
351 2514 389 2583 δὲ
407 2519 537 2602 μᾶλλον
556 2510 577 2602 ή
595 2512 674 2602 παρ’
691 2513 844 2584 ἀκόντων
862 2528 976 2604 τυχεῖν
995 2514 1097 2605 αὐτῆς
1114 2517 1196 2604 βοό-

182 2628 291 2706 λομαι.
335 2619 428 2690 ταῦτ’
454 2619 675 2709 ἀπαγγέλλετε
696 2637 769 2704 ταῖς
790 2623 941 2709 πόλεσιν,
965 2622 1029 2712 έγιδ
1053 2625 1091 2694 δὲ
1113 2623 1197 2712 ὑμῖν

182 2729 364 2815 ἐκεχειρίαν
389 2729 450 2807 ἕως
472 2724 516 2796 ἀν
539 2727 710 2816 ἀφίκησθε
731 2731 887 2819 παρέξειν
911 2727 1149 2819 ὑπισχνοῦμαι.

270 2835 354 2902 LXI.
390 2832 519 2913 Ταύτας
544 2833 705 2921 λαβόντες
733 2839 769 2903 ολ
794 2837 950 2924 πρέσβεις
975 2835 1034 2916 τὰς
1056 2834 1194 2926 ἀποκρί-

141 2969 167 3011 εο
182 2960 251 3020 σεις
281 2938 411 3034 ςόχοντο
449 2941 505 3008 καὶ
541 2939 612 3028 μετ’
647 2941 763 3029 ὀλίγας
798 2939 923 3031 ἡμέρας
956 2946 1113 3031 παρῆσαν
1150 2942 1195 3012 οὐ

181 3045 304 3134 λόγους
331 3044 420 3142 αὐτῷ
448 3045 557 3135 μόνον
589 3049 750 3134 φέροντες
780 3048 917 3135 ψιλούς,
948 3047 1034 3118 ἀλλά
1064 3050 1120 3118 καλ
1152 3048 1196 3118 τά.

252 3247 268 3298 2
291 3238 361 3312 παρ’
386 3237 482 3299 αὐτῶν
505 3238 662 3317 βούλεσθαι
684 3244 707 3297 Β
734 3245 759 3314 β.
782 3239 853 3312 παρ’
877 3239 972 3300 αὐτῶν
994 3245 1020 3300 R
1108 3250 1125 3298 3
1150 3240 1192 3300 ἔτ’

182 3311 223 3369 ἔτι
244 3317 268 3368 Α
332 3320 348 3370 6
366 3307 444 3388 αότῷ
462 3315 488 3369 R
511 3309 611 3388 έκείνφ
630 3315 653 3370 Β
719 3320 752 3370 10
770 3315 837 3388 νῦν]
858 3307 911 3371 τόν
935 3334 959 3372 ο.
978 3315 1106 3372 Hertlein
1124 3315 1198 3371 Her-

180 3403 240 3440 mes
258 3384 284 3440 X
302 3403 330 3456 p.
349 3391 401 3440 412
474 3391 508 3440 23
529 3381 789 3458 έ<κκ>εχειρίανΒ
861 3393 896 3443 26
914 3383 949 3443 τά
969 3390 1067 3446 οω.Δ
