<?xml version="1.0" encoding="UTF-8"?>
<!DOCTYPE html PUBLIC "-//W3C//DTD XHTML 1.0 Transitional//EN"
    "http://www.w3.org/TR/xhtml1/DTD/xhtml1-transitional.dtd">
<html xmlns="http://www.w3.org/1999/xhtml" xml:lang="en" lang="en">
 <head>
  <title>
</title>
<meta http-equiv="Content-Type" content="text/html;charset=utf-8" />
  <meta name='ocr-system' content='tesseract 3.04.00' />
  <meta name='ocr-capabilities' content='ocr_page ocr_carea ocr_par ocr_line ocrx_word'/>
</head>
<body>
  <div class='ocr_page' id='page_1' title='image "./dionysihalicarn05diongoog_0006.png"; bbox 0 0 2698 3982; ppageno 0'>
   <div class='ocr_carea' id='block_1_1' title="bbox 536 1253 843 1327">
    <p class='ocr_par' dir='ltr' id='par_1_1' title="bbox 536 1253 843 1327">
     <span class='ocr_line' id='line_1_1' title="bbox 536 1253 843 1327; baseline 0 -1"><span class='ocrx_word' id='word_1_1' title='bbox 536 1253 843 1327; x_wconf 77' lang='lat' dir='ltr'><strong>PRAEFATIO.</strong></span> 
     </span>
    </p>
   </div>
   <div class='ocr_carea' id='block_1_2' title="bbox 251 1554 1196 1642">
    <p class='ocr_par' dir='ltr' id='par_1_2' title="bbox 251 1554 1196 1642">
     <span class='ocr_line' id='line_1_2' title="bbox 251 1554 1196 1642; baseline -0.003 -21"><span class='ocrx_word' id='word_1_2' title='bbox 251 1555 400 1640; x_wconf 84' lang='lat' dir='ltr'>Spatium</span> <span class='ocrx_word' id='word_1_3' title='bbox 427 1556 547 1642; x_wconf 81' lang='lat' dir='ltr'>viginti</span> <span class='ocrx_word' id='word_1_4' title='bbox 576 1555 717 1640; x_wconf 88' lang='lat' dir='ltr'>quinque</span> <span class='ocrx_word' id='word_1_5' title='bbox 745 1576 904 1622; x_wconf 88' lang='lat' dir='ltr'>annorum</span> <span class='ocrx_word' id='word_1_6' title='bbox 933 1575 1035 1640; x_wconf 88' lang='lat' dir='ltr'>prope</span> <span class='ocrx_word' id='word_1_7' title='bbox 1059 1555 1109 1620; x_wconf 84' lang='lat' dir='ltr'>est</span> <span class='ocrx_word' id='word_1_8' title='bbox 1133 1554 1196 1619; x_wconf 85' lang='lat' dir='ltr'>ela·</span> 
     </span>
    </p>
   </div>
   <div class='ocr_carea' id='block_1_3' title="bbox 180 1659 1195 3342">
    <p class='ocr_par' dir='ltr' id='par_1_3' title="bbox 180 1659 1195 3342">
     <span class='ocr_line' id='line_1_3' title="bbox 182 1659 1195 1748; baseline -0.002 -22"><span class='ocrx_word' id='word_1_9' title='bbox 182 1683 291 1746; x_wconf 83' lang='lat' dir='ltr'>psum,</span> <span class='ocrx_word' id='word_1_10' title='bbox 314 1667 490 1748; x_wconf 83' lang='lat' dir='ltr'>postquem</span> <span class='ocrx_word' id='word_1_11' title='bbox 508 1661 680 1746; x_wconf 82' lang='lat' dir='ltr'>Adolphns</span> <span class='ocrx_word' id='word_1_12' title='bbox 698 1661 920 1746; x_wconf 77' lang='lat' dir='ltr'>Kieeelingiue</span> <span class='ocrx_word' id='word_1_13' title='bbox 943 1659 1078 1747; x_wconf 84' lang='lat' dir='ltr'>Dionysi</span> <span class='ocrx_word' id='word_1_14' title='bbox 1102 1659 1195 1726; x_wconf 80' lang='lat' dir='ltr'>Hali-</span> 
     </span>
     <span class='ocr_line' id='line_1_4' title="bbox 182 1768 1195 1854; baseline 0 -22"><span class='ocrx_word' id='word_1_15' title='bbox 182 1769 385 1834; x_wconf 79' lang='lat' dir='ltr'>camesensis</span> <span class='ocrx_word' id='word_1_16' title='bbox 403 1769 638 1854; x_wconf 81' lang='lat' dir='ltr'>antiquitatum</span> <span class='ocrx_word' id='word_1_17' title='bbox 659 1789 868 1834; x_wconf 79' lang='lat' dir='ltr'>romanarum</span> <span class='ocrx_word' id='word_1_18' title='bbox 886 1768 1038 1833; x_wconf 83' lang='lat' dir='ltr'>volumen</span> <span class='ocrx_word' id='word_1_19' title='bbox 1052 1768 1195 1854; x_wconf 86' lang='lat' dir='ltr'>primum</span> 
     </span>
     <span class='ocr_line' id='line_1_5' title="bbox 182 1874 1195 1958; baseline -0.002 -18"><span class='ocrx_word' id='word_1_20' title='bbox 182 1875 217 1940; x_wconf 89' lang='lat' dir='ltr'>in</span> <span class='ocrx_word' id='word_1_21' title='bbox 244 1875 349 1940; x_wconf 86' lang='lat' dir='ltr'>lueem</span> <span class='ocrx_word' id='word_1_22' title='bbox 377 1875 487 1940; x_wconf 88' lang='lat' dir='ltr'>edidit.</span> <span class='ocrx_word' id='word_1_23' title='bbox 533 1874 595 1952; x_wconf 82' lang='lat' dir='ltr'>Qui</span> <span class='ocrx_word' id='word_1_24' title='bbox 622 1879 733 1940; x_wconf 90' lang='lat' dir='ltr'>tamen</span> <span class='ocrx_word' id='word_1_25' title='bbox 761 1874 806 1938; x_wconf 86' lang='lat' dir='ltr'>eit</span> <span class='ocrx_word' id='word_1_26' title='bbox 832 1874 970 1958; x_wconf 82' lang='lat' dir='ltr'>foetum,</span> <span class='ocrx_word' id='word_1_27' title='bbox 1002 1879 1039 1940; x_wconf 90' lang='lat' dir='ltr'>ut</span> <span class='ocrx_word' id='word_1_28' title='bbox 1062 1875 1111 1940; x_wconf 87' lang='lat' dir='ltr'>vir</span> <span class='ocrx_word' id='word_1_29' title='bbox 1138 1874 1195 1939; x_wconf 88' lang='lat' dir='ltr'>ilie</span> 
     </span>
     <span class='ocr_line' id='line_1_6' title="bbox 182 1979 1195 2064; baseline 0 -19"><span class='ocrx_word' id='word_1_30' title='bbox 182 1981 398 2061; x_wconf 75' lang='lat' dir='ltr'>clarissimus,</span> <span class='ocrx_word' id='word_1_31' title='bbox 429 1981 519 2048; x_wconf 84' lang='lat' dir='ltr'>ouius</span> <span class='ocrx_word' id='word_1_32' title='bbox 552 1983 669 2047; x_wconf 88' lang='lat' dir='ltr'>merita</span> <span class='ocrx_word' id='word_1_33' title='bbox 696 1981 731 2046; x_wconf 89' lang='lat' dir='ltr'>in</span> <span class='ocrx_word' id='word_1_34' title='bbox 754 1979 948 2064; x_wconf 84' lang='lat' dir='ltr'>Dionysium</span> <span class='ocrx_word' id='word_1_35' title='bbox 972 2002 1100 2046; x_wconf 83' lang='lat' dir='ltr'>summa</span> <span class='ocrx_word' id='word_1_36' title='bbox 1123 2001 1195 2046; x_wconf 82' lang='lat' dir='ltr'>esse</span> 
     </span>
     <span class='ocr_line' id='line_1_7' title="bbox 182 2087 1194 2184; baseline -0.001 -32"><span class='ocrx_word' id='word_1_37' title='bbox 182 2089 268 2154; x_wconf 89' lang='lat' dir='ltr'>inter</span> <span class='ocrx_word' id='word_1_38' title='bbox 291 2110 402 2153; x_wconf 83' lang='lat' dir='ltr'>omnes</span> <span class='ocrx_word' id='word_1_39' title='bbox 426 2091 564 2173; x_wconf 79' lang='lat' dir='ltr'>constat,</span> <span class='ocrx_word' id='word_1_40' title='bbox 586 2088 671 2153; x_wconf 87' lang='lat' dir='ltr'>hane</span> <span class='ocrx_word' id='word_1_41' title='bbox 694 2087 868 2184; x_wconf 58' lang='lat' dir='ltr'>editionem</span> <span class='ocrx_word' id='word_1_42' title='bbox 893 2087 1029 2152; x_wconf 86' lang='lat' dir='ltr'>alteram</span> <span class='ocrx_word' id='word_1_43' title='bbox 1052 2108 1119 2152; x_wconf 93' lang='lat' dir='ltr'>non</span> <span class='ocrx_word' id='word_1_44' title='bbox 1141 2109 1194 2152; x_wconf 90' lang='lat' dir='ltr'>eu-</span> 
     </span>
     <span class='ocr_line' id='line_1_8' title="bbox 182 2193 1195 2279; baseline 0 -21"><span class='ocrx_word' id='word_1_45' title='bbox 182 2194 317 2279; x_wconf 81' lang='lat' dir='ltr'>raverit‚</span> <span class='ocrx_word' id='word_1_46' title='bbox 343 2194 405 2260; x_wconf 89' lang='lat' dir='ltr'>hoo</span> <span class='ocrx_word' id='word_1_47' title='bbox 432 2198 504 2260; x_wconf 89' lang='lat' dir='ltr'>looo</span> <span class='ocrx_word' id='word_1_48' title='bbox 528 2215 686 2278; x_wconf 79' lang='lat' dir='ltr'>exponere</span> <span class='ocrx_word' id='word_1_49' title='bbox 710 2195 851 2260; x_wconf 88' lang='lat' dir='ltr'>alienum</span> <span class='ocrx_word' id='word_1_50' title='bbox 874 2193 1002 2259; x_wconf 80' lang='lat' dir='ltr'>videtur</span> <span class='ocrx_word' id='word_1_51' title='bbox 1032 2215 1111 2260; x_wconf 84' lang='lat' dir='ltr'>eeee.</span> <span class='ocrx_word' id='word_1_52' title='bbox 1156 2193 1195 2258; x_wconf 94' lang='lat' dir='ltr'>Id</span> 
     </span>
     <span class='ocr_line' id='line_1_9' title="bbox 182 2299 1195 2386; baseline -0.002 -20"><span class='ocrx_word' id='word_1_53' title='bbox 182 2322 282 2367; x_wconf 85' lang='lat' dir='ltr'>unum</span> <span class='ocrx_word' id='word_1_54' title='bbox 310 2301 411 2386; x_wconf 79' lang='lat' dir='ltr'>igitur</span> <span class='ocrx_word' id='word_1_55' title='bbox 433 2323 687 2366; x_wconf 77' lang='lat' dir='ltr'>commemorare</span> <span class='ocrx_word' id='word_1_56' title='bbox 709 2301 790 2366; x_wconf 91' lang='lat' dir='ltr'>mihi</span> <span class='ocrx_word' id='word_1_57' title='bbox 812 2301 923 2382; x_wconf 82' lang='lat' dir='ltr'>liceat,</span> <span class='ocrx_word' id='word_1_58' title='bbox 950 2323 1024 2366; x_wconf 88' lang='lat' dir='ltr'>oum</span> <span class='ocrx_word' id='word_1_59' title='bbox 1047 2304 1123 2366; x_wconf 87' lang='lat' dir='ltr'>ente</span> <span class='ocrx_word' id='word_1_60' title='bbox 1146 2299 1195 2364; x_wconf 91' lang='lat' dir='ltr'>bi-</span> 
     </span>
     <span class='ocr_line' id='line_1_10' title="bbox 183 2405 1195 2492; baseline 0 -20"><span class='ocrx_word' id='word_1_61' title='bbox 183 2407 314 2472; x_wconf 86' lang='lat' dir='ltr'>ennium</span> <span class='ocrx_word' id='word_1_62' title='bbox 347 2407 559 2473; x_wconf 86' lang='lat' dir='ltr'>aTeubnero</span> <span class='ocrx_word' id='word_1_63' title='bbox 587 2408 782 2492; x_wconf 83' lang='lat' dir='ltr'>appellarer,</span> <span class='ocrx_word' id='word_1_64' title='bbox 813 2414 851 2473; x_wconf 84' lang='lat' dir='ltr'>ut</span> <span class='ocrx_word' id='word_1_65' title='bbox 872 2429 992 2474; x_wconf 90' lang='lat' dir='ltr'>novam</span> <span class='ocrx_word' id='word_1_66' title='bbox 1019 2405 1195 2474; x_wconf 79' lang='lat' dir='ltr'>editionem</span> 
     </span>
     <span class='ocr_line' id='line_1_11' title="bbox 181 2513 1195 2600; baseline 0 -22"><span class='ocrx_word' id='word_1_67' title='bbox 181 2513 323 2598; x_wconf 78' lang='lat' dir='ltr'>Dionyni</span> <span class='ocrx_word' id='word_1_68' title='bbox 346 2513 580 2598; x_wconf 86' lang='lat' dir='ltr'>antiquitatum</span> <span class='ocrx_word' id='word_1_69' title='bbox 603 2533 664 2598; x_wconf 81' lang='lat' dir='ltr'>ego</span> <span class='ocrx_word' id='word_1_70' title='bbox 687 2535 847 2600; x_wconf 83' lang='lat' dir='ltr'>pararem,</span> <span class='ocrx_word' id='word_1_71' title='bbox 870 2535 909 2579; x_wconf 88' lang='lat' dir='ltr'>ea</span> <span class='ocrx_word' id='word_1_72' title='bbox 932 2536 1015 2599; x_wconf 89' lang='lat' dir='ltr'>quae</span> <span class='ocrx_word' id='word_1_73' title='bbox 1037 2513 1195 2579; x_wconf 86' lang='lat' dir='ltr'>Kieeslin-</span> 
     </span>
     <span class='ocr_line' id='line_1_12' title="bbox 182 2619 1194 2706; baseline -0.001 -22"><span class='ocrx_word' id='word_1_74' title='bbox 182 2621 256 2706; x_wconf 82' lang='lat' dir='ltr'>gius</span> <span class='ocrx_word' id='word_1_75' title='bbox 280 2620 320 2685; x_wconf 82' lang='lat' dir='ltr'>ad</span> <span class='ocrx_word' id='word_1_76' title='bbox 344 2620 496 2686; x_wconf 83' lang='lat' dir='ltr'>volumen</span> <span class='ocrx_word' id='word_1_77' title='bbox 518 2620 659 2705; x_wconf 88' lang='lat' dir='ltr'>primum</span> <span class='ocrx_word' id='word_1_78' title='bbox 688 2619 846 2684; x_wconf 90' lang='lat' dir='ltr'>edendum</span> <span class='ocrx_word' id='word_1_79' title='bbox 870 2620 1063 2686; x_wconf 80' lang='lat' dir='ltr'>contulisset</span> <span class='ocrx_word' id='word_1_80' title='bbox 1095 2641 1115 2684; x_wconf 90' lang='lat' dir='ltr'>a</span> <span class='ocrx_word' id='word_1_81' title='bbox 1146 2619 1194 2683; x_wconf 92' lang='lat' dir='ltr'>bi·</span> 
     </span>
     <span class='ocr_line' id='line_1_13' title="bbox 181 2725 1195 2812; baseline 0 -22"><span class='ocrx_word' id='word_1_82' title='bbox 181 2727 329 2812; x_wconf 87' lang='lat' dir='ltr'>bliopola</span> <span class='ocrx_word' id='word_1_83' title='bbox 355 2727 602 2810; x_wconf 83' lang='lat' dir='ltr'>honestissimo,</span> <span class='ocrx_word' id='word_1_84' title='bbox 629 2726 719 2790; x_wconf 84' lang='lat' dir='ltr'>enine</span> <span class='ocrx_word' id='word_1_85' title='bbox 747 2727 783 2790; x_wconf 87' lang='lat' dir='ltr'>in</span> <span class='ocrx_word' id='word_1_86' title='bbox 805 2726 955 2790; x_wconf 87' lang='lat' dir='ltr'>manibus</span> <span class='ocrx_word' id='word_1_87' title='bbox 979 2729 1085 2809; x_wconf 84' lang='lat' dir='ltr'>erant,</span> <span class='ocrx_word' id='word_1_88' title='bbox 1112 2725 1195 2790; x_wconf 91' lang='lat' dir='ltr'>mihi</span> 
     </span>
     <span class='ocr_line' id='line_1_14' title="bbox 182 2831 1194 2918; baseline -0.002 -20"><span class='ocrx_word' id='word_1_89' title='bbox 182 2855 253 2899; x_wconf 85' lang='lat' dir='ltr'>esee</span> <span class='ocrx_word' id='word_1_90' title='bbox 276 2833 408 2898; x_wconf 83' lang='lat' dir='ltr'>tradita</span> <span class='ocrx_word' id='word_1_91' title='bbox 447 2831 508 2897; x_wconf 88' lang='lat' dir='ltr'>Hie</span> <span class='ocrx_word' id='word_1_92' title='bbox 532 2853 609 2898; x_wconf 82' lang='lat' dir='ltr'>vero</span> <span class='ocrx_word' id='word_1_93' title='bbox 633 2831 787 2897; x_wconf 81' lang='lat' dir='ltr'>subsidiis</span> <span class='ocrx_word' id='word_1_94' title='bbox 811 2833 995 2918; x_wconf 85' lang='lat' dir='ltr'>multisque,</span> <span class='ocrx_word' id='word_1_95' title='bbox 1017 2853 1100 2916; x_wconf 85' lang='lat' dir='ltr'>quae</span> <span class='ocrx_word' id='word_1_96' title='bbox 1123 2833 1194 2917; x_wconf 87' lang='lat' dir='ltr'>ipse</span> 
     </span>
     <span class='ocr_line' id='line_1_15' title="bbox 182 2937 1195 3025; baseline -0.001 -22"><span class='ocrx_word' id='word_1_97' title='bbox 182 2960 302 3025; x_wconf 76' lang='lat' dir='ltr'>magno</span> <span class='ocrx_word' id='word_1_98' title='bbox 329 2940 443 3005; x_wconf 85' lang='lat' dir='ltr'>labore</span> <span class='ocrx_word' id='word_1_99' title='bbox 467 2938 599 3024; x_wconf 82' lang='lat' dir='ltr'>collegi,</span> <span class='ocrx_word' id='word_1_100' title='bbox 630 2939 809 3004; x_wconf 81' lang='lat' dir='ltr'>instructus</span> <span class='ocrx_word' id='word_1_101' title='bbox 834 2937 875 3004; x_wconf 88' lang='lat' dir='ltr'>ed</span> <span class='ocrx_word' id='word_1_102' title='bbox 897 2939 999 3004; x_wconf 84' lang='lat' dir='ltr'>libros</span> <span class='ocrx_word' id='word_1_103' title='bbox 1023 2939 1092 3004; x_wconf 86' lang='lat' dir='ltr'>eius</span> <span class='ocrx_word' id='word_1_104' title='bbox 1117 2939 1195 3004; x_wconf 83' lang='lat' dir='ltr'>sori-</span> 
     </span>
     <span class='ocr_line' id='line_1_16' title="bbox 180 3043 1194 3131; baseline 0.001 -22"><span class='ocrx_word' id='word_1_105' title='bbox 180 3046 286 3130; x_wconf 84' lang='lat' dir='ltr'>ptoris</span> <span class='ocrx_word' id='word_1_106' title='bbox 300 3046 446 3112; x_wconf 81' lang='lat' dir='ltr'>&#39;edendos</span> <span class='ocrx_word' id='word_1_107' title='bbox 466 3065 640 3131; x_wconf 80' lang='lat' dir='ltr'>aggressus</span> <span class='ocrx_word' id='word_1_108' title='bbox 661 3068 742 3127; x_wconf 88' lang='lat' dir='ltr'>eum,</span> <span class='ocrx_word' id='word_1_109' title='bbox 766 3046 817 3110; x_wconf 89' lang='lat' dir='ltr'>oui</span> <span class='ocrx_word' id='word_1_110' title='bbox 836 3066 968 3131; x_wconf 83' lang='lat' dir='ltr'>operam</span> <span class='ocrx_word' id='word_1_111' title='bbox 988 3043 1194 3129; x_wconf 75' lang='lat' dir='ltr'>studiumque</span> 
     </span>
     <span class='ocr_line' id='line_1_17' title="bbox 182 3151 1195 3236; baseline -0.001 -20"><span class='ocrx_word' id='word_1_112' title='bbox 182 3152 304 3217; x_wconf 85' lang='lat' dir='ltr'>multoe</span> <span class='ocrx_word' id='word_1_113' title='bbox 328 3175 432 3218; x_wconf 85' lang='lat' dir='ltr'>annos</span> <span class='ocrx_word' id='word_1_114' title='bbox 454 3152 625 3218; x_wconf 82' lang='lat' dir='ltr'>navabam.</span> <span class='ocrx_word' id='word_1_115' title='bbox 657 3151 709 3217; x_wconf 81' lang='lat' dir='ltr'>Ad</span> <span class='ocrx_word' id='word_1_116' title='bbox 732 3151 926 3236; x_wconf 84' lang='lat' dir='ltr'>Dionysium</span> <span class='ocrx_word' id='word_1_117' title='bbox 950 3157 1059 3218; x_wconf 87' lang='lat' dir='ltr'>autem</span> <span class='ocrx_word' id='word_1_118' title='bbox 1082 3155 1120 3216; x_wconf 89' lang='lat' dir='ltr'>ut</span> <span class='ocrx_word' id='word_1_119' title='bbox 1142 3173 1195 3215; x_wconf 90' lang='lat' dir='ltr'>me</span> 
     </span>
     <span class='ocr_line' id='line_1_18' title="bbox 182 3257 1194 3342; baseline -0.002 -19"><span class='ocrx_word' id='word_1_120' title='bbox 182 3258 379 3342; x_wconf 78' lang='lat' dir='ltr'>applicarem</span> <span class='ocrx_word' id='word_1_121' title='bbox 415 3259 479 3324; x_wconf 87' lang='lat' dir='ltr'>fuit</span> <span class='ocrx_word' id='word_1_122' title='bbox 516 3259 597 3323; x_wconf 92' lang='lat' dir='ltr'>olim</span> <span class='ocrx_word' id='word_1_123' title='bbox 634 3263 747 3324; x_wconf 81' lang='lat' dir='ltr'>auctor</span> <span class='ocrx_word' id='word_1_124' title='bbox 777 3257 962 3323; x_wconf 88' lang='lat' dir='ltr'>Friderioue</span> <span class='ocrx_word' id='word_1_125' title='bbox 995 3257 1194 3324; x_wconf 86' lang='lat' dir='ltr'>Ritsohelius</span> 
     </span>
    </p>
   </div>
   <div class='ocr_carea' id='block_1_4' title="bbox 36 3352 1193 3450">
    <p class='ocr_par' dir='ltr' id='par_1_4' title="bbox 36 3352 1193 3450">
     <span class='ocr_line' id='line_1_19' title="bbox 36 3352 1193 3450; baseline -0.001 -21"><span class='ocrx_word' id='word_1_126' title='bbox 36 3352 49 3380; x_wconf 66' lang='lat'>⁸</span> <span class='ocrx_word' id='word_1_127' title='bbox 180 3369 376 3450; x_wconf 82' lang='lat' dir='ltr'>praeceptor</span> <span class='ocrx_word' id='word_1_128' title='bbox 403 3364 485 3429; x_wconf 92' lang='lat' dir='ltr'>mihi</span> <span class='ocrx_word' id='word_1_129' title='bbox 509 3365 709 3450; x_wconf 77' lang='lat' dir='ltr'>carissimus,</span> <span class='ocrx_word' id='word_1_130' title='bbox 737 3386 844 3449; x_wconf 88' lang='lat' dir='ltr'>aquo</span> <span class='ocrx_word' id='word_1_131' title='bbox 868 3365 975 3449; x_wconf 90' lang='lat' dir='ltr'>primo</span> <span class='ocrx_word' id='word_1_132' title='bbox 1000 3364 1097 3429; x_wconf 78' lang='lat' dir='ltr'>simul</span> <span class='ocrx_word' id='word_1_133' title='bbox 1121 3385 1193 3429; x_wconf 86' lang='lat' dir='ltr'>oum</span> 
     </span>
    </p>
   </div>
   <div class='ocr_carea' id='block_1_5' title="bbox 182 3471 1195 3628">
    <p class='ocr_par' dir='ltr' id='par_1_5' title="bbox 182 3471 1195 3628">
     <span class='ocr_line' id='line_1_20' title="bbox 182 3471 1195 3555; baseline -0.003 -19"><span class='ocrx_word' id='word_1_134' title='bbox 182 3471 368 3537; x_wconf 76' lang='lat' dir='ltr'>Athanasio</span> <span class='ocrx_word' id='word_1_135' title='bbox 387 3471 562 3536; x_wconf 80' lang='lat' dir='ltr'>Ambrosio</span> <span class='ocrx_word' id='word_1_136' title='bbox 587 3471 628 3536; x_wconf 88' lang='lat' dir='ltr'>ab</span> <span class='ocrx_word' id='word_1_137' title='bbox 652 3471 765 3536; x_wconf 86' lang='lat' dir='ltr'>inferis</span> <span class='ocrx_word' id='word_1_138' title='bbox 788 3475 826 3537; x_wconf 90' lang='lat' dir='ltr'>ut</span> <span class='ocrx_word' id='word_1_139' title='bbox 848 3472 895 3535; x_wconf 92' lang='lat' dir='ltr'>ita</span> <span class='ocrx_word' id='word_1_140' title='bbox 913 3471 1018 3536; x_wconf 82' lang='lat' dir='ltr'>dinam</span> <span class='ocrx_word' id='word_1_141' title='bbox 1040 3471 1104 3537; x_wconf 89' lang='lat' dir='ltr'>hoo</span> <span class='ocrx_word' id='word_1_142' title='bbox 1126 3471 1195 3555; x_wconf 89' lang='lat' dir='ltr'>qui-</span> 
     </span>
     <span class='ocr_line' id='line_1_21' title="bbox 996 3572 1035 3628; baseline 0 -22"><span class='ocrx_word' id='word_1_143' title='bbox 996 3572 1035 3628; x_wconf 56' lang='lat' dir='ltr'>„a</span> 
     </span>
    </p>
   </div>
   <div class='ocr_carea' id='block_1_6' title="bbox 0 0 1354 3982">
    <p class='ocr_par' dir='ltr' id='par_1_6' title="bbox 0 0 1354 3982">
     <span class='ocr_line' id='line_1_22' title="bbox 0 0 1354 3982; baseline 0 0"><span class='ocrx_word' id='word_1_144' title='bbox 0 0 1354 3982; x_wconf 95' lang='lat' dir='ltr'> </span> 
     </span>
    </p>
   </div>
  </div>
 </body>
</html>
