2660 3986
197 217 284 294 334,
620 225 787 276 -Γ-

196 380 450 468 συναγαγόντος
476 381 559 469 ἐμοῦ
586 379 648 469 τὴν
670 379 800 468 βουλὴν
829 381 886 450 καλ
909 379 948 449 τά
972 379 1118 461 δόξαντα
1140 392 1217 460 τοῖς

196 487 373 575 συνέδροις
400 489 635 576 γραψαμένου,
661 486 725 574 τὴν
752 486 814 574 μὲν
841 486 942 555 πόλιν
969 483 1066 574 ὑμῶν
1088 494 1216 554 καθαι-

195 593 341 679 ρεθῆυαι
362 594 418 662 καὶ
440 593 524 722 μήτε
545 597 615 664 τῶν
638 597 830 682 δημοσίων·
822 592 914 681 μήτε
936 595 1005 662 τῶν
1029 596 1215 662 ἰδιωτικῶν

155 700 519 875 6κατασκευασμάτων
549 699 661 832 ὀρθόν
693 727 725 769 τι
762 702 858 768 ἐάσαι
891 700 1064 828 διαμένειν
1096 698 1215 786 μηθὲν

155 771 256 900 θόἔξω
288 809 356 875 τῶν
390 805 505 894 ἱερῶν·
545 805 626 888 τοὺς
656 805 687 874 δ’
719 809 756 876 ἐν
788 802 872 896 αὕτη
908 804 1035 885 πάντας
1072 809 1215 892 ἔχοντας

194 939 254 993 ους
285 913 342 981 καὶ
375 917 442 982 νῦν
480 917 595 1000 ἔχουσι
634 912 781 1001 κλήρους
817 910 1044 998 ἀνδραπόδων
1080 937 1116 979 τε
1152 911 1213 980 καὶ

192 1019 414 1108 βοσκημάτων
432 1019 487 1088 καὶ
505 1023 574 1088 τῶν
593 1018 706 1088 ἄλλων
730 1019 910 1108 χρημάτων
934 1015 1087 1106 μηθδν’
1068 1043 1212 1105 αφαιρε-
1311 1081 1312 1110 ,

191 1128 317 1206 θέντας
339 1128 376 1194 ἐν
394 1123 504 1213 Ῥῶμη
527 1122 588 1193 τὸν
611 1123 676 1194 ἀπὸ
699 1129 801 1194 τοῦδε
823 1125 950 1213 χρόνον
974 1127 1093 1191 οίκεῑυ·
1121 1121 1210 1209 ὅσην
1311 1121 1312 1154 ³

190 1257 226 1301 τε
249 1229 286 1300 τὸ
309 1228 429 1299 κοινὸν
452 1227 548 1319 ὑμῶν
572 1232 723 1318 ἐκέκτητο
743 1235 807 1318 γῆν
830 1245 900 1310 τοῖς
923 1230 1057 1318 μηθένα
1079 1233 1209 1318 κλῆρον
1312 1293 1313 1302 ,

152 1355 178 1396 10
193 1342 329 1425 ἔχουσιν
358 1335 532 1424 Ἀλβανῶν
570 1341 832 1426 διαμερισθῆναι
864 1338 967 1426 χωρὶς
998 1340 1066 1406 τῶν
1100 1339 1265 1424 ίερῶυ499

190 1443 378 1530 κτημάτων,
393 1446 426 1526 ἐξ
446 1434 495 1512 ῶν
514 1446 552 1512 αί
567 1441 688 1512 θυσίαι
703 1458 774 1524 τοῖς
787 1453 882 1525 θεολς
900 1445 1063 1531 ἐγίνοντο.
1101 1451 1209 1511 οίκων

191 1550 229 1620 δὲ
251 1553 467 1638 κατασκευῆς,
490 1552 528 1619 ἐν
552 1544 604 1631 οἷς
621 1549 700 1631 τοὺς
718 1555 814 1638 βίους
833 1549 1017 1638 ἱδρύσεσθε
1035 1553 1071 1618 οί
1087 1575 1208 1638 μεταν-

190 1656 378 1746 ιστάμενοι,
401 1655 481 1726 καθ’
508 1653 568 1737 οὓς
592 1662 726 1726 ἔσονται
753 1661 812 1744 τῆς
834 1656 962 1737 πόλεως
983 1655 1124 1742 τόπους,
1148 1656 1208 1744 ἐμὲ

188 1763 397 1851 ποιήσασθαι
437 1762 605 1852 πρόνοιαν
647 1762 928 1851 συλλαμβάνοντα
965 1777 1037 1843 τοῖς
1072 1761 1206 1850 άπορω-
1314 1805 1315 1816 1

148 1919 174 1962 15
188 1869 299 1950 τάτοις
317 1867 413 1958 ὑμῶν
431 1874 490 1958 τῆς
508 1875 556 1950 είς
573 1868 614 1939 τά
628 1874 709 1958 ἔργα
724 1868 884 1958 δαπάνης.
920 1869 1028 1939 καὶτὸ
1043 1868 1105 1958 μὲν
1119 1868 1206 1938 ἄλλο

187 1980 319 2065 πλῆθος
345 1974 442 2065 ὑμῶν
473 1975 555 2065 μετὰ
586 1979 655 2045 τῶν
682 1975 761 2066 παρ’
786 1975 868 2065 ἡμῖν
903 1979 1094 2065 δημοτικῶν
1123 1995 1207 2045 συν-

187 2091 295 2153 τελείν
323 2087 372 2163 είς
398 2082 507 2170 φυλάς
534 2081 590 2150 καί
613 2082 765 2171 φράτρας
791 2086 1054 2173 καταμερισθέν,
1076 2086 1208 2172 βουλῆς

188 2190 226 2258 δὲ
249 2191 397 2277 μετέχειν
420 2190 476 2258 καὶ
499 2188 604 2278 άρχδις
630 2189 817 2279 λαμβάνειν
846 2191 903 2258 καὶ
925 2203 995 2270 τοῖς
1017 2193 1207 2276 πατρικίοις

186 2299 467 2384 προσνεμηθῆναι
497 2296 615 2376 τοόςδε
647 2295 727 2376 τοὺς
755 2306 882 2377 οίκους·
915 2294 1093 2382 Ἰουλίους,
1121 2306 1206 2383 Σερ-

147 2415 173 2458 ²⁰
188 2405 353 2489 ουλλίους,
390 2407 596 2489 Κορατίους,
636 2408 870 2488 Κοϊντιλίους,
907 2407 1105 2487 Κλοιλίους,
1142 2407 1206 2470 Γε-

185 2512 341 2594 γανίους,
365 2513 561 2589 Μετιλίους·
589 2511 739 2579 Μέττιον
764 2509 802 2578 δὲ
823 2510 879 2577 καί
904 2507 983 2588 τοὺς
1005 2506 1070 2576 σὺν
1092 2506 1204 2598 τούτῳ

185 2613 435 2700 βουλεύσαντας
460 2611 523 2700 τὴν
550 2618 739 2703 προδοσίαν
768 2619 863 2695 δίκας
889 2613 1064 2701 ὑποσχεῖν,
1093 2609 1133 2694 ἃς
1156 2610 1202 2683 άυ

184 2717 279 2807 ἡμεῖς
305 2719 455 2806 τάξωμεν
484 2722 638 2791 δικασταὶ
665 2722 741 2811 περὶ
769 2720 910 2790 ἑκάστου
936 2725 1005 2792 τῶν
1034 2718 1203 2790 ὑπαιτίων

183 2825 420 2914 καθεζόμενοι·
445 2822 574 2897 οὐθένα
591 2825 657 2916 γάρ
676 2825 949 2916 ἀποστερήσομεν
963 2833 1104 2917 κρίσεως
1118 2825 1201 2896 οὐδὲ

144 2943 171 2986 2⁶
184 2932 299 3021 λόγου.

239 3134 272 3182 4
290 3122 404 3203 ὄρθδ<ν
423 3125 565 3213 ἐάσαι>Β
584 3121 676 3199 όρθδυ
692 3125 797 3184 ίάσθαι
813 3146 836 3184 ο.
846 3128 986 3199 Kiessling
1040 3136 1108 3220 ’ίμη
1109 3127 1199 3186 δένΑ

184 3205 236 3286 9η
218 3194 288 3270 ἡμῖν
306 3202 332 3255 Α
391 3205 424 3254 11
444 3199 542 3255 οίκιῶν
562 3200 669 3257 Ocorr
681 3199 824 3286 Kiessling
888 3206 921 3255 13
941 3198 1066 3272 ἔσονται]
1086 3198 1197 3256 ἕλοισθ’

182 3264 266 3326 δυο.
290 3271 429 3328 Bucheler
506 3278 539 3328 16
562 3265 675 3342 ἡμίνλδ
698 3266 807 3340 δμινΒ
883 3277 918 3325 20
941 3273 1099 3341 γεγανίους,
1123 3289 1199 3342 μ·ετι

182 3340 290 3404 λίους
281 3357 311 3396 1n
331 3341 481 3467 Ορταελετ
493 3343 516 3398 Β
530 3345 595 3412 post
614 3361 642 3398 σε
646 3343 787 3413 ρουϊλίους
803 3344 915 3398 exstant
930 3343 934 3411 Ι
951 3362 1019 3412 uoq.
1030 3293 1143 3406 ατίουςμ
1146 3344 1168 3397 Β
1190 3343 1194 3416 Ι

182 3410 436 3502 κςυι>ντιλίουςΒ
445 3413 622 3498 γγερανίους
642 3414 664 3468 Ο
685 3429 753 3468 corr.
774 3413 932 3500 Stephanus
1005 3420 1038 3468 23
1057 3408 1095 3470 άν
1114 3409 1197 3485 ἡμεῖς

182 3483 312 3553 ταξωμεν
330 3480 386 3536 B
372 3505 399 3554 η.
418 3485 540 3554 τάξομεν
558 3485 584 3538 R
657 3491 691 3540 24
710 3478 822 3548 οὐθένα
841 3484 864 3537 Β
883 3479 975 3539 οόθὲν
994 3486 1019 3539 R
