2682 3982
188 232 254 298 νεα
614 218 778 288 -ε·-

185 398 295 473 πείαις
322 393 574 481 ἐξιλασκόμενοι
604 393 787 481 κατάγουσι
814 394 916 462 πόλιν
948 398 996 474 είς
1027 393 1066 462 τὸ
1095 395 1205 482 ίερόν·

184 497 269 587 ὑπὲρ
294 490 343 570 όν
365 499 447 569 κατά
470 499 532 570 τὸν
556 506 681 571 οἰκεῖον
703 498 824 588 καιρὸν
847 502 921 590 ἐρῶ.

274 608 423 692 LXVJII.
455 607 557 678 Πάνυ
575 605 608 676 δ’
625 606 722 690 ἀξιον
740 605 876 696 καλιὴν
895 607 1095 695 ἐπιφάνειαν
1115 612 1205 678 ίστο-

185 716 286 800 ρῆσαι
317 717 376 802 τῆς
406 717 505 801 θεᾶς,
538 711 582 802 ἢν
610 717 799 797 ἐπεδείξατο
827 728 900 812 ταῖς
930 711 1056 796 ἀδίκως
1087 718 1204 803 έγκλη-
1333 794 1334 804 ¹

145 847 158 888 ι
185 824 319 900 θείσαις
350 822 551 910 παρθένοις,
582 827 797 890 πεπίστευται
827 820 893 909 γὰρ
925 817 991 890 ὑπὸ
1016 819 1204 910 Ῥωμαίων,
1333 823 1334 852 ¹

184 929 216 994 εί
240 926 298 995 καὶ
324 926 497 1015 παράδοξά
531 930 615 1015 ἐστι,
643 929 700 996 καὶ
731 927 841 996 πολύν
868 933 1066 1015 πεποίηνται
1098 928 1205 1016 λόγον
1334 987 1335 1000 ,

148 1029 270 1120 2ὑπέρ
294 1031 407 1103 αύτιθν
431 1037 467 1102 ολ
487 1046 703 1123 συγγραφεῖς.
744 1033 819 1104 ὅσοι
837 1033 899 1122 μέν
919 1025 1058 1115 οὖντὰς
1076 1031 1204 1117 ἀθέους

186 1136 330 1208 ἀσκοῦσι
353 1145 571 1227 φιλοσοφίας,
594 1144 626 1209 εί
652 1138 695 1228 δὴ
718 1141 774 1209 καὶ
797 1145 1000 1228 φιλοσοφίας
1025 1139 1129 1222 αύτάς
1152 1146 1209 1212 δεῖ
1335 1185 1336 1188 ¹

184 1253 318 1331 καλεῖν,
363 1243 495 1326 ἁπάσας
540 1246 760 1334 διασύροντες
798 1248 860 1327 τὰς
899 1249 1096 1335 ἐπιφανείας
1133 1253 1205 1318 τῶν

146 1371 172 1412 10
185 1355 279 1419 θεῶν
306 1351 365 1433 τὰς
392 1351 470 1440 παρ’
488 1351 648 1440 Ἕλλησιν
676 1350 697 1441 ἦ
726 1352 910 1442 βαρβάροις
937 1357 1122 1441 γενομένας
1147 1357 1206 1424 καλ
1336 1419 1337 1422 ,

184 1459 307 1538 ταύτας
330 1464 377 1539 είς
400 1462 528 1546 γέλωτα
550 1459 659 1530 πολὺν
688 1461 808 1543 ἀξουσι
835 1459 893 1541 τὰς
916 1463 1064 1551 ίστορίας
1087 1459 1170 1546 ἀλαζ
1189 1507 1205 1517 -

185 1565 304 1645 νείαις’
328 1563 563 1655 ἀνθρωπίναις
599 1565 702 1650 αύτάς
738 1565 970 1654 ἀνατιθέντες,
1006 1565 1051 1648 ὡς
1088 1567 1206 1639 ούδενλ
1337 1578 1338 1612 δ

185 1674 281 1740 θεῶν
310 1675 413 1760 μέλον
444 1673 641 1762 ἀνθρώπων
670 1674 820 1756 οὐδενός.
871 1672 947 1744 ὅσοι
975 1671 1007 1742 δ’
1034 1673 1097 1744 ούκ
1123 1673 1205 1747 ἀπο-

186 1777 308 1849 λύουσι
335 1785 394 1869 τῆς
416 1780 637 1870 ἀνθρωπίνης
664 1786 849 1871 ἐπιμελείας
875 1781 954 1862 τούς
975 1781 1093 1869 θεούς,
1117 1767 1204 1854 ἀλλά

147 1888 242 1958 ιεκαλ
270 1899 340 1968 τοῖς
366 1887 511 1976 ἀγαθοῖς
537 1887 688 1978 εὐμενεῖς
719 1888 807 1958 εἶναι
839 1893 1014 1978 νομίξουσι
1045 1890 1101 1958 καὶ
1132 1905 1204 1973 τοῖς
1337 1907 1339 1932 ¹

186 2005 301 2076 κακοῖς
338 2000 514 2085 δυσμενεῖς
550 1996 607 2064 διά
646 2000 773 2084 πολλῆς
809 1995 1010 2084 ἐληλυθότες
1046 1997 1205 2088 ίστορίας,

190 2100 271 2172 οὐδὲ
296 2102 419 2184 ταύτας
445 2100 678 2190 ὑπολήψονται
706 2101 765 2184 τὰς
792 2104 988 2190 ἐπιφανείας
1015 2099 1104 2171 εἶναι
1133 2101 1206 2172 ἀπί-

152 2210 297 2293 3στονς.
351 2211 480 2298 λέγεται
513 2208 557 2301 δή
588 2234 667 2278 ποτε
698 2213 760 2278 τοῦ
791 2209 898 2298 πυρὸς
929 2208 1124 2290 ἐκλιπόντος
1157 2209 1203 2280 δι’

188 2317 371 2407 όλνγωρίαν
393 2315 470 2386 τινὰ
499 2320 557 2403 τῆς
581 2315 657 2385 τότε
684 2313 767 2386 αύτδ
791 2315 1025 2404 φυλαττούσης
1046 2321 1206 2404 Αίμιλίας

57 2447 60 2456 ·
146 2441 174 2482 2⁰
189 2427 284 2514 ἑτέρα
306 2424 467 2516 παρθένφ
495 2433 564 2493 τῶν
597 2424 716 2493 νεωστὶ
748 2423 1010 2510 κατειλεγμένων
1041 2425 1098 2492 καὶ
1125 2423 1262 2512 ἀρτιεεε

188 2534 441 2620 μανθανουσῶν
485 2530 701 2619 παραδούσης
744 2528 807 2618 τὴν
848 2531 1037 2617 ἐπιμέλειαν
1078 2530 1206 2620 ταραχὴ

187 2636 294 2726 πολλὴ
325 2638 485 2726 γενέσθαι
517 2635 600 2705 κατὰ
630 2634 693 2724 τὴν
728 2637 829 2706 πόλιν
861 2634 946 2724 ὅλην
980 2641 1037 2705 καλ
1074 2637 1208 2725 ζήτησις

103 2755 108 2764 ’
188 2743 253 2814 ὑπὸ
277 2748 345 2814 τόν
369 2747 596 2832 ἱεροφαντῶν,
623 2743 669 2832 μή
691 2772 723 2814 τι
746 2749 873 2832 μίασμα
895 2743 971 2832 περὶ
993 2742 1031 2813 τὸ
1055 2748 1123 2833 πῦρ
1146 2748 1207 2832 τῆς

189 2856 311 2942 ίερείας
338 2851 497 2940 ἐτύγχανε
528 2851 681 2940 γεγονός·
714 2855 801 2920 ἔνθα
833 2849 876 2938 δή
905 2870 989 2939 φασι
1016 2849 1078 2938 τὴν
1106 2856 1206 2939 Αίμι-

150 2979 176 3022 εῡ
189 2965 268 3029 λίαν
301 2957 454 3028 ἀναίτιον
487 2958 549 3046 μέν
582 2950 705 3045 οὖσαν,
738 2955 977 3046 ἀπορουμένην
1010 2955 1042 3025 δ’
1073 2958 1126 3026 ἐπλ
1157 2961 1205 3051 τῷ
1337 3021 1340 3040 ,

189 3065 414 3154 συμβεβηκότι
445 3065 626 3156 παρόντων
656 3068 725 3133 τόν
758 3064 876 3152 ίερέων
908 3065 964 3133 καὶ
995 3068 1065 3134 τῶν
1091 3063 1207 3148 ἀλλων

188 3175 371 3262 παρθένων
399 3170 456 3254 τὰς
483 3187 596 3261 χεῖρας
623 3171 676 3239 ἐπὶ
704 3168 764 3240 τὸν
793 3169 910 3258 βωμὸν
938 3173 1133 3241 ἐκτείνασαν
1161 3176 1206 3240 εί-

262 3375 295 3424 10
314 3368 466 3439 γινομένας
484 3367 507 3421 Β
580 3372 611 3421 11
633 3361 794 3439 (αύ>ξονσι
812 3366 836 3421 Β
909 3372 941 3422 17
962 3364 1036 3422 εἶναι
1057 3384 1111 3423 om.
1130 3366 1207 3424 ABa

191 3446 224 3496 18
244 3435 423 3502 ἐκλείποντος
436 3440 462 3494 A
536 3443 569 3492 19
588 3435 784 3506 φυλαττούσης
801 3436 952 3508 παρθένου
967 3437 1095 3509 Αίμιλιάς
1113 3433 1206 3510 ὄνομα

189 3529 212 3567 ο.
233 3511 387 3568 Ambrosch
461 3515 496 3565 24
515 3506 642 3579 αίμιλίαν
661 3511 753 3564 αίτιον
772 3509 819 3565 Aa
837 3509 882 3565 Ba
