2682 3982
561 277 595 286 -
634 250 728 300 Γ·-
1084 243 1151 309 283

135 404 261 492 λάλους
287 400 530 492 ἀναγκάζονται
560 408 654 487 δίκας
680 403 816 494 ὑπέχειν
844 405 932 496 λόγῳ
955 404 1151 493 κρινόμενοι

134 513 192 580 καί
213 511 316 602 νόμφ.
362 511 491 582 τούτων
515 511 558 601 δὴ
581 517 650 582 τῶν
670 516 861 599 διαλλαγῶν
884 513 959 598 έμοί
977 511 1040 599 μέν
1059 512 1191 580 δοκεῖὸ

136 623 258 706 χρῆναι
281 615 339 698 τάς
362 615 622 706 εὐπρεπεστέρας
649 619 705 687 καί
728 619 1039 706 μεγαλοψυχοτέρας
1064 615 1152 704 ἡμᾶς

136 726 274 794 ἑλέσθαι
303 727 359 793 καί
385 723 525 812 γνύμην
552 727 681 794 θέσθαι
707 727 783 811 περὶ
810 723 955 814 μηδενὸς
981 723 1068 812 ἡμᾶς
1094 721 1152 791 ἀλ-

136 831 252 919 λήλοις
288 845 521 919 μνησικακεῖν,
559 829 601 900 σὺ
638 829 670 899 δ’
700 829 807 924 εἰμὴ
844 831 960 920 βούλει
997 829 1178 904 διαλλάτ-ε

85 947 92 960 ’
135 947 255 1007 τεσθαι
286 942 409 1007 τούτου
431 937 492 1007 τὸν
519 937 662 1027 τρόπον,
695 931 722 1006 ά
755 937 876 1023 Τύλλε,
900 935 986 1005 ἀλλά
1015 937 1071 1004 καί
1102 939 1151 1004 δι-

136 1044 236 1115 δόναι
261 1049 356 1124 δίκας
377 1046 433 1113 καί
454 1044 640 1133 λαμβάνειν
659 1043 765 1127 ἀξιοῖς
782 1043 861 1126 τοὺς
884 1046 921 1113 έν
940 1059 1012 1124 ταῖς
1030 1049 1152 1126 αἰτίαις

134 1149 214 1238 παρ’
245 1149 416 1239 ἀλλήλων,
450 1153 576 1240 ἕτοιμοι
607 1152 662 1220 καί
694 1156 797 1221 ταῦτα
828 1165 938 1220 ποιεῖν
969 1156 1056 1220 εἰσιν
1081 1149 1151 1218 Ἀλ-

135 1249 236 1343 βανοὶ
259 1256 300 1326 τά
322 1256 421 1326 κοινά
449 1263 532 1346 ἔχθη
555 1258 897 1348 προκαταλυσάμενοι.
943 1262 975 1326 εί
997 1259 1037 1326 δέ
1056 1283 1152 1338 τινας

136 1368 220 1450 ἔχεις
242 1363 333 1452 παρὰ
355 1364 477 1445 ταύτας
503 1367 615 1451 λέγειν
643 1365 756 1454 ἑτέρας
782 1373 847 1434 είτε
876 1369 1035 1444 καλλίους
1058 1367 1151 1432 διαλ-
1165 1395 1192 1436 ιο

136 1468 240 1556 λαγάς
266 1480 332 1540 είτε
360 1473 584 1559 δικαιοτέρας,
613 1470 674 1540 ούκ
706 1466 750 1539 ἀν
778 1470 928 1558 φθάνοις
959 1473 1075 1560 φέρων
1104 1475 1152 1550 είς

137 1579 241 1662 μέσον
264 1579 320 1646 καί
342 1577 472 1666 πολλήν
496 1597 550 1646 σοι
573 1578 672 1666 χάριν
696 1587 836 1664 είσομαι.

79 1707 135 1757 427
226 1685 332 1752 VIIII.
368 1683 466 1754 Ταῦτ’
493 1683 651 1765 είπόντος
673 1688 735 1754 τοῦ
765 1689 976 1772 Φουφεττίου
1003 1690 1151 1770 παραλα-

135 1788 207 1878 βὼν
230 1789 290 1859 τὸν
314 1790 417 1877 λόγον
448 1789 466 1859 ὁ
490 1795 558 1860 τῶν
576 1789 749 1880 Ῥωμαίων
772 1789 930 1878 βασιλεὺς
952 1791 1053 1872 ἔλεξε·
1081 1790 1152 1857 Καί

135 1895 245 1984 ἡμεῖς,
279 1888 305 1964 ἀ
336 1899 536 1985 Φουφέττιε,
568 1903 708 1988 βαρεῖαν
745 1893 1026 1984 ὑπελαμβάνομεν
1063 1893 1151 1983 ἡμᾶς
1164 1923 1190 1964 ιι

134 2002 388 2090 καταλήψεσθαι
417 2003 616 2091 συμφοράν,
643 2009 675 2072 εί
706 2003 751 2072 δι’
778 2008 916 2092 αἵματος
942 2005 998 2072 καί
1031 2001 1152 2090 φόνων

136 2106 431 2197 ἀναγκασθείημεν
466 2123 581 2195 κρῖναι
616 2109 676 2180 τὸν
714 2115 860 2198 συγγενῆ
895 2108 1059 2198 πόλεμον,
1096 2110 1153 2177 καί

108 2213 202 2285 ’ὑπὸ
229 2219 298 2286 τῶν
326 2219 427 2303 ἱερῶν
455 2214 556 2286 ὁπότε
586 2215 627 2286 τά
658 2220 865 2306 προπολέμια
896 2216 1042 2304 θύοιμεν
1072 2217 1152 2284 έκω-

135 2322 290 2409 λυόμεθα
308 2322 424 2412 ἀρχειυ
443 2323 562 2411 μάχης·
584 2323 644 2403 τάς
666 2350 700 2392 τε
719 2322 932 2412 ἀπορρήτους
953 2327 1152 2410 Φιδηναίων

134 2430 192 2496 καὶ
212 2427 427 2499 Οὐιεντανῶν
450 2434 680 2518 συνωμοσίας,
703 2425 743 2510 ἀς
765 2428 816 2498 ἐπ’
843 2428 1047 2519 ἀμφοτέροις
1069 2427 1151 2518 ἡμῖν
1165 2454 1192 2496 ιο

135 2534 355 2625 σννάμοσαν,
393 2535 495 2629 ὀλίγῳ
532 2536 699 2626 πρότερον
731 2541 795 2606 σού
830 2535 1029 2624 πεπύσμεθα
1060 2535 1151 2626 παρὰ

107 2645 203 2711 ’τῶν
232 2645 364 2716 έκείθεν
397 2643 504 2724 ξένων
535 2647 592 2741 καί
625 2641 686 2712 οὐκ
717 2641 903 2730 ἀφύλακτοι
934 2641 1018 2729 πρὸς
1049 2639 1153 2724 αύτάς

135 2751 252 2836 ἐσμεν,
285 2747 358 2818 ἀλλ’
390 2745 436 2830 ὡς
466 2759 591 2818 παθεῖν
623 2753 659 2818 τε
690 2749 796 2838 μηδὲν
830 2749 927 2820 αὐτοὶ
961 2748 1065 2819 κακὸν
1097 2747 1152 2818 κά-

134 2861 269 2938 κείνους
309 2855 567 2944 τιμωρήσασθαι
607 2859 666 2943 τῆς
702 2859 882 2944 ἐπιβουλῆς
917 2855 1017 2940 ἀξίως
1052 2880 1152 2941 παρε-

135 2965 368 3052 σκευάσμεθα,
401 2961 463 3050 ούχ
494 2955 596 3050 ἧττόν
633 2989 668 3032 τε
705 2968 768 3031 σοῦ
787 2963 1058 3032 Ικαταλύσασθαι
1089 2961 1151 3031 τὸν
1166 2983 1191 3026 ει

134 3067 284 3155 πόλεμον
312 3066 456 3158 ἀμαχητὶ
483 3073 611 3156 μᾶλλον
637 3065 659 3156 ἢ
689 3066 746 3136 διά
772 3071 841 3136 τῶν
871 3066 985 3137 ὅπλων
1013 3067 1151 3155 έβονλό·

135 3183 233 3262 μεθα.
292 3175 450 3265 πρότεροι
488 3175 525 3244 δὲ
560 3174 807 3266 πρεσβεύεσθαι
847 3175 923 3263 περί
961 3173 1188 3260 διαλλαγῶν2

209 3395 224 3445 6
243 3390 345 3446 τοῦτον
364 3405 418 3446 om.
433 3389 479 3444 Βο
546 3395 562 3444 λ
581 3393 644 3452 ταῖς
662 3389 716 3444 del.
731 3386 869 3442 Bfieheler
939 3391 973 3441 14
991 3382 1006 3441 ὁ
1027 3384 1154 3458 ῥωμύλος

135 3513 192 3568 τῶν
211 3510 279 3586 §.B
353 3521 386 3570 19
407 3492 637 3587 φ’ύδηναίωνθ
682 3519 716 3568 20
736 3505 770 3575 ἃς
788 3527 842 3566 om.
861 3511 908 3566 Ba
