2698 3982
571 280 736 332 -Ᾱ-
1118 279 1159 344 21

92 459 127 510 36
147 438 384 530 μυθογράφων
407 444 487 526 περί
505 465 540 508 τε
564 437 723 527 οἰκήσεως
745 439 801 508 καλ
823 441 945 526 γένους
966 443 1035 508 τῶν
1055 439 1161 508 Οίνοί-

147 573 238 633 τρων
262 545 400 616 τοιαῦτά
424 547 533 616 ἐστιν·
563 540 614 626 οἷς
636 543 701 632 ἐγὼ
723 543 943 634 πειθόμενος,
965 549 997 614 εί
1017 549 1063 638 τῷ
1087 545 1161 616 όντι

143 651 341 740 Ἑλληνικὸν
365 657 476 741 φῦλον
499 645 543 741 ἦν
565 651 603 722 τὸ
626 657 695 722 τῶν
711 651 943 742 Ἀβοριγίνων,
966 648 1011 731 ὥς
1024 652 1162 723 Κάτωνι

147 761 203 828 καὶ
236 766 447 852 Σεμπρωνίῳ
473 760 530 830 καλ
556 767 693 841 πολλοῖς
720 759 835 842 ἀλλοις
862 767 1006 848 είρηται,
1031 759 1163 829 τούτων

148 873 292 955 ἔγγονον
306 866 501 938 αὐτῶντῶν
517 866 700 956 Οίνοίτρων
715 865 928 954 ὑποτίθεμαι.
941 943 949 962 „
969 863 1006 934 τὸ
1030 863 1094 953 γάρ
1119 863 1160 954 δὴ
1176 893 1189 934 ι

147 973 360 1060 Πελασγικὸν
383 975 438 1044 καὶ
457 971 495 1042 τὸ
514 970 686 1060 Κρητικὸν
708 973 764 1041 καλ
788 969 851 1042 ὅσα
874 970 958 1040 ἀλλα
982 973 1019 1042 ἐν
1039 970 1162 1064 Ἰταλία

147 1079 299 1172 ᾤκησεν,
330 1078 482 1169 ὑστέροις
513 1077 656 1166 εὑρίσκω
690 1078 828 1168 χρόνοις
859 1077 1057 1166 ἀφικόμενα.
1101 1103 1161 1148 πα-

147 1187 322 1274 λαιότερον
346 1187 385 1256 δὲ
406 1187 530 1274 τούτου
558 1185 681 1256 στόλον
709 1183 947 1256 ἀπαναστάντα
969 1189 1028 1274 τῆς
1047 1181 1161 1254 Ἑλλά-
1253 1228 1257 1237 -

149 1297 208 1374 θος
236 1298 283 1374 είς
310 1291 350 1362 τά
377 1293 601 1382 προσεσπέρια
629 1295 688 1379 τῆς
712 1289 877 1380 Εὑροίπης
906 1289 1030 1360 οὐθένα
1059 1291 1161 1360 θάνα-

147 1427 207 1488 μαι
234 1407 452 1487 καταμαθεῖν.
496 1397 576 1478 τοὺς
612 1397 651 1468 θλ
684 1397 879 1484 Οίνάτρους
905 1401 964 1484 τῆς
997 1396 1027 1466 τ’
1059 1379 1204 1508 ἀλλης13θ

145 1505 285 1586 Ἰταλίας
307 1503 414 1574 πολλὰ
437 1509 542 1592 χωρία
558 1513 670 1592 οίομαι
684 1518 873 1592 κατασχεῖν,
896 1501 937 1572 τά
961 1503 1023 1590 μὲν
1047 1509 1164 1594 ἔρημα,

147 1611 187 1682 τά
215 1612 253 1680 δὲ
287 1610 425 1698 φαύλως
457 1610 639 1698 οἰκούμενα
665 1610 930 1698 καταλαβόντας,
957 1613 1014 1682 καλ
1037 1610 1080 1700 δὴ
1107 1612 1163 1680 καλ

146 1723 205 1807 τῆς
230 1715 415 1807 Ὀμβρικῶν
442 1721 504 1805 γῆς
531 1719 623 1788 ἐστιν
651 1713 694 1805 ἣν
722 1716 964 1806 ἀποτεμέσθαι,
993 1723 1163 1805 κληθῆναι

149 1825 186 1896 δὲ
202 1823 412 1912 Ἀβοριγῖνας
430 1825 483 1892 ἐπὶ
501 1828 560 1912 τῆς
578 1825 616 1893 ἐν
634 1838 705 1904 τοῖς
724 1821 839 1908 όρεσιν
859 1824 1020 1913 οἰκήσεως
1034 1823 1163 1916 (Ἀρκα-

149 1931 246 2002 δικὸν
260 1929 324 2018 γάρ
339 1930 375 2000 τὸ
396 1939 598 2018 φιλοχωρεῖν
616 1932 698 2018 (ἐν)
719 1929 858 2021 ὄρεσιν),
878 1930 923 2011 ἀς
941 1929 1164 2022 ὑπερακρίους
1178 1953 1204 1996 ιι

147 2038 241 2118 τινὰς
263 2039 319 2106 καλ
341 2042 527 2123 παραλίους
546 2035 742 2124 Ἀθήνησιν.
772 2041 804 2105 εί
825 2038 866 2108 ἀί
885 2063 976 2118 τινες
996 2037 1164 2126 πεφύκασι
1182 2044 1204 2108 4

149 2145 193 2233 μὴ
220 2158 329 2232 ταχεῖς
354 2143 442 2212 εἶναι
473 2144 549 2230 περὶ
581 2143 786 2232 πραγμάτων
817 2147 970 2212 παλαιῶν
1003 2142 1164 2231 ἀβασανί-

94 2263 130 2314 8⁷
150 2271 234 2332 στως
255 2251 296 2320 τά
319 2250 484 2338 λεγόμενα
507 2252 681 2338 δέχεσθαι,
705 2248 749 2339 μὴ
773 2264 882 2337 ταχεῖς
905 2255 1055 2320 ἔστωσαν
1079 2249 1164 2340 μηδὲ

150 2363 279 2444 Λίγυας
301 2353 321 2444 ἢ
343 2347 539 2446 Ὀμβρικοὺς
565 2353 586 2444 ἢ
616 2355 741 2436 ἀλλους
766 2355 862 2436 τινάς
888 2357 1082 2447 βαρβάρους
1104 2355 1163 2426 αὑ-

148 2463 227 2544 τοὺς
253 2469 405 2551 νομίσαι,
432 2468 683 2552 περιμείναντες
706 2463 744 2530 δὲ
766 2463 821 2530 καλ
853 2461 893 2533 τά
916 2461 1016 2532 λοιπὰ
1039 2473 1163 2552 μαθεῖν
1178 2494 1206 2534 ιο

148 2573 354 2659 κρινέτωσαν
379 2571 412 2651 ἐξ
434 2567 593 2639 ἀπάντων
616 2567 654 2638 τὸ
677 2569 927 2640 πιθανώτατον.

237 2679 343 2746 ΧΠΠ.
370 2681 445 2746 Τῶν
470 2675 507 2744 δὲ
530 2675 673 2761 πόλεων,
697 2677 734 2744 ἐν
749 2671 803 2756 αἷς
824 2674 862 2744 τὸ
878 2679 1013 2765 πρῶτον
1028 2673 1164 2768 γ’ίκησαν

146 2782 361 2870 Ἀβοριγῖνες,
385 2780 496 2869 ὀλίγαι
518 2787 682 2872 περιῆσαν
702 2780 751 2850 ἐπ’
778 2785 875 2869 ἐμοῦ·
899 2785 937 2852 αί
958 2782 995 2851 δὲ
1013 2790 1165 2852 πλεῖσται

148 2888 214 2960 ὑπό
242 2915 276 2959 τε
304 2891 460 2976 πολέμων
487 2890 544 2958 καὶ
571 2888 684 2958 ἀλλων
715 2893 828 2958 κακῶν
859 2893 1165 2977 οἰκοφθορηθεῖσαι

221 3046 369 3104 2είσινΒ
441 3049 573 3104 λτοῦτο·
594 3047 712 3118 ἔγγονον
731 3044 868 3104 αὑτῶνΒ
939 3047 1094 3118 βέκγονοκ
1113 3047 1164 3100 Ur·

46 3110 50 3136 ⁴
149 3123 220 3177 lichs
239 3121 295 3176 Eos
312 3119 367 3189 Ip.
387 3126 438 3174 309
455 3124 459 3187 Ι
475 3114 546 3174 αὑτὸ
570 3115 602 3176 τὸ
620 3119 732 3174 Ritsohl
753 3121 756 3189 Ι
779 3115 929 3192 Οίνάτρων
947 3115 1064 3191 (εἶναι)
1083 3117 1165 3172 Gras-

149 3195 250 3263 berger
268 3191 344 3246 Τεεε.
363 3189 478 3262 Herbip.
507 3209 534 3260 p.
562 3198 594 3248 10
624 3193 628 3261 1
661 3190 825 3262 *πείθομαι
849 3191 872 3248 Ο
907 3193 1024 3260 τίθεμαι
1052 3187 1165 3256 Reium,

150 3263 257 3334 Kayser
283 3255 374 3338 τάττω
403 3258 520 3330 ἔγγονον
549 3256 620 3316 αὑτὸ
649 3262 706 3316 τάν
735 3258 885 3332 Οίνάτρων
909 3262 1001 3316 deleto
1024 3263 1165 3328 πείθομαι

149 3333 265 3403 Madvig
288 3331 392 3390 Adv.1
415 3351 441 3402 p.
460 3338 511 3388 722
594 3339 610 3388 6
629 3328 681 3400 τὴν
703 3327 823 3388 Ἰταλίαν
846 3329 947 3408 ᾤκισεν
975 3349 998 3386 c.
1022 3329 1167 3400 Kiessling

185 3411 201 3460 8
220 3397 462 3472 ἀπαναστήσαντα
481 3404 503 3458 Β
584 3409 618 3458 14
642 3399 730 3460 ἐπλΒ
754 3399 811 3458 ἀπὸ
831 3405 856 3459 R
880 3407 885 3472 Ι
910 3398 1047 3530 ἀρχαικὸν
1071 3420 1093 3457 ο.
1114 3401 1165 3456 Ca-

151 3473 410 3540 sanbonus‚sseiske
466 3480 498 3532 15
518 3473 720 3544 φιλοχωρείυΟ
740 3479 935 3544 φιλοχωρεῖν
989 3469 1047 3529 *ἐν
1066 3471 1165 3530 addidi

186 3553 220 3602 23
239 3540 400 3616 ἀβοριγῖνες
419 3544 467 3600 ΑΒ
486 3542 645 3616 ἀβοριγίνες
666 3545 712 3600 01>
732 3547 761 3601 et
780 3544 870 3601 Cobet
888 3543 951 3602 Oba.
970 3564 997 3616 p.
1017 3552 1060 3602 23.
