2682 3982
584 219 749 292 ³-ss-
1034 239 1170 316 ,εει

160 395 345 484 ἱερωσύνης
362 391 553 484 γαμεῖσθαι.
593 399 649 466 καὶ
672 397 833 485 ἐποίησάν
852 425 942 479 τινες
958 403 1058 469 τοῦτο
1081 399 1173 468 πάνυ

159 501 286 590 ὀλίγαι,
309 499 363 584 αἷς
389 503 503 592 ἀζηλοι
531 507 724 592 συνέβησαν
751 509 789 574 αἱ
813 508 962 576 τελευταὶ
989 509 1057 574 τῶν
1084 512 1171 594 βίων

158 610 215 679 καὶ
239 609 280 679 ού
302 610 394 680 πάνυ
416 609 578 699 εὐτυχεῖς,
606 608 692 680 ὥστε
718 611 764 680 δι’
791 618 916 682 οἰωνοῦ
939 611 1173 700 λαμβάνουσαι

157 716 216 798 τὰς
243 721 382 787 ἐκείνων
413 716 592 814 συμφοράς
621 722 661 786 αἱ
690 719 804 788 λοιπαί
834 719 1002 807 παρθένοι
1032 722 1173 807 μένουσι

157 822 247 914 παρά
278 827 318 914 τῇ
351 829 421 918 θεῷ
454 827 551 914 μέχρι
577 825 748 912 θανάτου,
780 825 854 896 τότε
883 825 921 894 δέ
953 831 1000 907 εἱς
1026 824 1087 895 τὸν
1113 829 1200 914 τῆςι

157 932 358 1019 ἐκλιπούσης
385 930 535 1021 ἀριθμὸν
570 933 666 1020 ἑτέρα
694 931 798 1002 πάλιν
825 931 891 1004 ὑπὸ
918 937 987 1004 τῶν
1015 936 1172 1021 ίεροφαυ-
1325 925 1337 948 ”

157 1043 226 1108 τῶν
250 1037 496 1109 ἀποδείκνυται.
536 1041 630 1128 τιμαὶ
648 1039 687 1109 δέ
705 1038 822 1122 αύταίς
839 1038 1064 1110 ἀποδέδονται
1080 1037 1206 1126 παρά3

157 1151 216 1234 τῆς
242 1145 371 1228 πόλεως
401 1148 522 1216 πολλαί
554 1149 610 1216 καὶ
636 1153 750 1234 καλαί,
782 1144 828 1215 δι’
858 1143 899 1228 ἃς
930 1146 1008 1218 αύιε
1039 1149 1171 1215 παίδων

108 1251 280 1334 σθοαύταὶς
302 1256 371 1324 έστι
393 1253 503 1336 πόθος
525 1253 604 1324 οὔτε
625 1253 759 1343 γάμων,
786 1261 943 1343 τιμωρίαι
964 1280 1000 1323 τε
1026 1255 1079 1324 έπὶ
1101 1267 1172 1333 τοὶς

156 1357 446 1449 ἁμαρτανομένοις
484 1375 613 1432 κελυται
649 1360 806 1450 μεγάλαι,
849 1353 897 1430 όν
934 1363 1105 1444 ἐξετασταί
1137 1387 1172 1429 τε
1186 1385 1213 1426 ιο

157 1467 215 1536 καὶ
239 1469 400 1537 κολασταὶ
431 1467 514 1538 κατὰ
545 1467 655 1555 νόμον
687 1469 774 1536 είσλυ
807 1470 842 1535 οἱ
872 1465 1084 1556 ἱεροφάνται,
1114 1465 1173 1546 τάς

159 1572 220 1661 μὲν
247 1572 330 1643 ἀλλο
362 1601 394 1643 τι
426 1575 494 1644 τῶν
521 1573 710 1643 ἐλαττόνων
742 1571 1001 1662 ἁμαρτανούσας
1032 1565 1172 1662 ῥάβδοις

158 1685 412 1768 μαστιγοῦντες,
451 1679 511 1761 τὰς
547 1679 586 1748 δέ
621 1686 811 1768 φθαρείσας
850 1683 1009 1771 αἰσχίστῳ
1045 1703 1081 1748 τε
1115 1681 1172 1748 καὶ

157 1786 371 1879 ἐλεεινοτάτῳ
406 1785 651 1875 παραδιδόντες
685 1786 834 1878 θανάτῳ.
894 1791 995 1870 ζῶσαι
1026 1785 1091 1874 γάρ
1124 1785 1206 1856 έτι4

155 1893 389 1981 πομπεύουσιν
417 1895 471 1962 έπλ
497 1899 614 1981 κλίνης
641 1892 824 1982 φερόμεναι
851 1891 913 1981 τὴν
937 1891 1171 1981 ἀποδεδειγμέ-
1186 1917 1212 1957 ιτ

155 2027 222 2088 νην
244 2015 316 2081 τοῖς
338 2013 471 2090 νεκροίς
496 2001 662 2089 ἐκφοράν,
684 1998 962 2088 ἀνακλαιομένων
992 1998 1094 2081 αύτάς
1113 2001 1171 2069 καὶ

156 2106 423 2198 προπεμπόντων
455 2113 566 2194 φίλων
592 2134 628 2176 τε
654 2109 711 2175 καὶ
738 2109 930 2194 συγγενῶν,
957 2117 1172 2196 κομισθεῖσαι

158 2213 195 2282 δέ
218 2215 314 2302 μέχρι
335 2217 395 2302 τῆς
412 2219 583 2301 Κολλίνης
602 2213 721 2302 πύλης,
740 2213 835 2296 έντὸς
852 2221 983 2302 τείχους
1000 2219 1048 2294 είς
1065 2211 1171 2300 σηκὸν

155 2318 222 2390 ὑπὸ
245 2325 307 2410 γῆς
328 2321 636 2408 κατεσκευασμένον
659 2319 727 2408 ἅμα
747 2333 817 2400 τοὶς
839 2323 1011 2408 ἐνταφίοις
1032 2319 1173 2408 κόσμοις

155 2433 308 2497 τίθενται
338 2428 396 2496 καὶ
423 2425 496 2496 οὔτ’
521 2427 740 2515 ἐπιστήματος
772 2426 843 2496 οὔτ’
874 2429 1066 2517 ἐναγισμῶν
1098 2425 1169 2497 οὔτ’
1185 2449 1212 2490 ²⁰

155 2533 265 2603 ἀλλον
286 2537 356 2602 τῶν
378 2538 533 2622 νομίμων
557 2532 699 2615 οὐδενὸς
721 2534 936 2622 τυγχάνουσι.
981 2532 1088 2604 πολλδι
1110 2535 1212 2623 μένό

158 2633 221 2710 ούυ
248 2641 304 2710 καὶ
337 2639 423 2710 ἀλλα
453 2645 548 2710 δοκεῖ
572 2641 750 2730 μηνύματα
776 2639 865 2711 εἶναι
894 2647 953 2731 τῆς
980 2641 1041 2730 ούχ
1071 2639 1172 2722 ὁσίως

155 2745 388 2836 ὑπηρετούσης
417 2762 488 2829 τοῖς
519 2752 637 2837 ἱεροῖς,
669 2749 812 2837 μάλιστα
832 2748 882 2817 -δέ
912 2747 934 2835 ἡ
968 2750 1080 2837 σβέσις
1110 2753 1172 2816 τοῦ

157 2855 273 2943 πυρός,
296 2851 341 2942 ἣν
362 2851 448 2943 ὑπὲρ
472 2853 602 2924 ἅπαντα
622 2854 663 2926 τὰ
682 2853 779 2926 δεινὰ
796 2853 954 2944 Ῥωμαῖοι
978 2859 1171 2924 δεδοίκασιν

157 2957 353 3050 ἀφανισμοῦ
375 2965 435 3049 τῆς
457 2961 585 3044 πόλεως
613 2977 753 3050 σημεῖον
775 2961 1085 3052 ὑπολαμβάνοντες,
1108 2959 1168 3050 ἀφ’
1185 2984 1211 3024 ω

104 3057 299 3152 381ἦςποτ’
329 3063 374 3136 ἀν
401 3072 510 3148 αίτίας
530 3069 685 3156 γένηται,
711 3070 769 3137 καὶ
790 3077 930 3149 πολλοῖς
959 3066 1040 3137 αὐτὸ
1068 3077 1171 3156 θερα-

227 3304 245 3352 4
263 3296 297 3353 αἱ
312 3298 412 3355 πολλαί
431 3299 608 3358 0.B1“10heler
680 3307 696 3356 6
721 3294 904 3368 έκλειπούσης
921 3299 997 3354 Α’Βα
1070 3304 1103 3354 16
1122 3300 1172 3368 τῆς

156 3363 400 3440 ἀποδεδειγμένης
422 3378 481 3434 τοῖς
504 3377 616 3440 νεκροῖς
635 3366 683 3426 ἐπ’
705 3367 815 3446 έκφορᾷ
838 3387 862 3425 ο.
880 3370 983 3426 Roiske
1056 3377 1090 3426 16
1109 3379 1172 3434 ταῖς

156 3447 272 3509 νεκραῖς
299 3441 322 3496 0
349 3459 416 3502 corr.
448 3443 608 3514 Shephanus
690 3447 724 3496 18
752 3443 869 3512 ιιομίνης
895 3442 947 3496 AB
977 3445 981 3512 Ι
1011 3437 1093 3506 ἐντός
1119 3443 1170 3498 τού

156 3511 267 3580 τείχους
286 3511 309 3566 Ο
328 3515 442 3583 praeter
459 3515 482 3569 Β
555 3519 590 3568 20
608 3508 731 3584 σήματος
749 3529 773 3569 ο.
791 3513 895 3568 Reiske
