2670 3984
207 241 270 304 134
629 271 662 282 -
699 243 724 296 A
761 273 794 282 —

13 343 14 402 δ
203 427 274 488 χον.
308 405 343 469 οδ
364 399 395 468 δ’
419 401 634 487 ἐκπλαγέντες
656 404 702 493 τῷ
720 401 899 494 παραδόξῳ
922 406 984 472 τοῦ
1007 401 1141 482 πάθους
1162 405 1218 471 καὶ

202 505 454 596 ἀμηχανοῦντες
483 505 556 576 ότι
584 506 746 596 δράσειαν
775 507 859 595 πρὸς
888 506 1119 597 ὡπλισμένους
1140 509 1216 578 ἀνο-

203 623 281 684 πλοι
306 614 491 702 μαχόμενοι
513 613 596 683 κατά
623 612 752 701 πολλὴν
778 613 950 684 εὐπέτειαν
979 615 1218 704 έχειρεόδησαν.

165 719 222 789 3ὁ
247 721 309 809 μέν
339 713 402 790 οὖν
420 719 546 809 Ῥάμος
573 721 625 789 έπλ
654 735 726 801 τοῖς
757 727 927 810 πολεμίοις
955 721 1137 810 γενόμενος
1164 721 1217 792 ού-

165 857 177 896 ι
204 853 284 913 τως,
308 825 376 895 εἶδ’
402 825 447 907 ὡς
475 825 493 896 ὁ
526 827 653 914 Φάβιος
680 829 896 916 παραδέδωκε
924 830 1061 917 δέσμιος
1088 835 1136 910 εἰς
1157 828 1217 917 τὴν

192 933 321 1020 ’Ἄλβαν
353 932 508 1022 ἀπήγετο.
557 932 726 1022 Ῥωμύλος
759 933 790 1002 δ’
821 934 935 1022 ἐπειδὴ
972 934 1010 1004 τδ
1047 937 1122 1024 περὶ
1158 936 1216 1006 τὸν

203 1039 353 1128 ἀδελφὸν
378 1046 464 1127 ἔγνω
487 1039 608 1126 πάθος,
638 1040 774 1110 διώκειν
802 1039 908 1122 εὐθύς
935 1041 1017 1134 ᾤετο
1046 1047 1119 1111 δεῖν
1141 1041 1218 1122 τοὺς

202 1146 445 1235 ἀκμαιοτάτους
464 1152 550 1236 ἔχων
569 1151 638 1215 τῶν
657 1150 802 1235 νομέων,
822 1145 867 1229 ἀς
886 1154 933 1216 ἔτι
952 1148 1034 1217 κατά
1053 1147 1115 1236 τὴν
1135 1147 1217 1218 ὁδὸν

203 1253 285 1322 όντα
308 1253 583 1342 καταληψόμενος
605 1254 666 1322 τὸν
684 1251 829 1343 Ῥῶμον·
852 1253 1070 1343 ἀποτρέπεται
1095 1254 1127 1322 δ’
1153 1253 1217 1324 ὑπὸ

164 1390 190 1430 ιο
204 1363 265 1429 τοῦ
292 1360 493 1430 Φαιστύλον.
536 1358 627 1448 ὁρῶν
645 1360 710 1451 γάρ
734 1361 840 1432 αὐτοῦ
862 1361 926 1450 τὴν
946 1361 1098 1450 σπουδὴν
1122 1389 1218 1450 μανι-

203 1469 353 1556 κωτέραν
377 1459 484 1535 οὖσαν
508 1460 649 1556 <οὖτος>
673 1470 851 1556 νομισθεὶς
874 1466 892 1538 ὁ
917 1467 1039 1559 πατήρ,
1064 1468 1129 1556 <ἀ>
1154 1468 1268 1538 τὸνεοθ

92 1567 94 1571 ’
202 1579 394 1662 ἔμπροσθεν
423 1573 550 1663 χρόνον
577 1571 752 1662 ἀπόρρητα
780 1574 983 1662 ποιούμενος
1009 1589 1079 1656 τοῖς
1106 1601 1218 1663 μειρα-

201 1687 287 1761 κίοις
315 1684 515 1766 διετέλεσεν,
546 1676 591 1760 ὡς
625 1678 669 1768 μὴ
702 1685 829 1749 θάττον
858 1680 1029 1769 ὁρμήσωσι
1058 1705 1220 1770 παρακιν-

202 1790 368 1856 δυνεῦσαί
391 1812 424 1854 τι
450 1788 531 1876 πρὶν
561 1789 598 1855 έν
626 1789 672 1879 τῳ
705 1791 869 1878 κρατίστῳ
902 1791 960 1874 τῆς
992 1785 1099 1876 ἀκμῆς
1129 1789 1219 1874 νενέ-

162 1919 187 1960 15
202 1902 300 1979 σθαι,
332 1895 407 1963 τότε
440 1892 482 1982 δὴ
519 1892 603 1982 πρός
639 1897 699 1980 τῆς
735 1890 882 1980 ἀνάγκης
918 1895 1073 1980 βιασθεὶς
1109 1921 1220 1982 μονω-

162 1993 299 2070 4δέντι
327 2005 375 2094 τῷ
398 1999 557 2094 Ῥωμύλῳ
585 2002 683 2088 λέχει.
738 1999 886 2088 μαθόντι
915 2000 952 2068 δὲ
978 2005 1024 2093 τῷ
1052 2007 1219 2093 νεανίσκῳ

201 2111 313 2176 πάσαν
338 2111 371 2190 ἐξ
395 2105 500 2196 ἀρχῆς
521 2106 584 2195 τὴν
612 2110 845 2194 κατασχοῦσαν
874 2105 996 2188 αύτούς
1025 2107 1130 2196 τύχην
1161 2111 1221 2194 τῆς

201 2240 236 2282 τε
265 2213 390 2303 μητρὸς
418 2213 527 2295 οἶκτος
555 2215 734 2303 εἰσέρχεται
764 2214 820 2281 καὶ
848 2215 1041 2304 Νεμέτορος
1067 2220 1220 2302 φροντίς,

201 2321 257 2387 καὶ
289 2320 396 2389 πολλὰ
429 2323 689 2412 βουλευσαμένῳ
727 2319 808 2408 μετὰ
839 2325 902 2389 τοῦ
936 2319 1130 2389 Φαιστύλου
1161 2325 1221 2408 τῆς

160 2454 186 2493 ιο
200 2426 262 2513 μὲν
290 2424 408 2495 αύτίκα
427 2417 541 2516 Ιὁρμῆς
571 2427 718 2514 ἐπισχεῖν
747 2426 872 2512 ἐδόκει,
900 2431 1031 2494 πλείονι
1056 2426 1094 2494 δέ
1116 2451 1220 2514 παρα-

200 2536 301 2622 σκευῇ
340 2532 516 2621 δυνάμεως
556 2533 770 2622 χρησάμενον
812 2533 894 2603 ὅλον
936 2531 1122 2616 ἀπαλλάξαι
1158 2532 1221 2602 τὸν

200 2635 296 2706 οἷκον
318 2642 377 2726 τῆς
397 2636 555 2726 Ἀμολέον
572 2647 783 2728 παρανομίας
801 2639 966 2710 κίνδυνόν
985 2665 1020 2708 τε
1038 2636 1099 2708 τὸν
1124 2644 1220 2727 ἔσχα-

198 2770 260 2812 τον
287 2743 371 2834 ὑπὲρ
398 2749 467 2814 τάν
495 2751 661 2834 μεγίστων
690 2746 809 2816 άδλων
833 2745 1034 2836 ἀναρρῖψαι,
1058 2745 1221 2834 πράττειν

201 2849 238 2919 δὲ
260 2850 341 2938 μετά
363 2856 424 2921 τού
448 2853 701 2944 μητροπάτορος
724 2853 744 2922 ὅ
766 2881 799 2923 τι
822 2851 866 2923 ἀν
891 2857 1008 2946 έκείνῳ
1033 2857 1180 2942 &off
1190 2861 1203 2868 ”

273 3077 445 3137 λάοπλοιΒ
518 3079 620 3170 λλεύδτ
636 3077 766 3146 ούτωςο.
783 3083 905 3138 Sintenis
924 3083 984 3138 Em.
1003 3082 1085 3140 Dion
1104 3083 1118 3138 Ι
1133 3101 1202 3171 ῳ.
1184 3089 1220 3138 1‘1

202 3150 312 3207 όδέΒ
377 3149 442 3208 10
430 3153 505 3223 ορῶν
519 3148 573 3224 γάρ
588 3144 670 3218 οὖτος
689 3150 830 3210 αύτού-
844 3145 941 3209 οὖσαν.
962 3150 1024 3208 έπελ
1043 3155 1085 3216 τίς
1107 3173 1163 3224 χαρ
1182 3146 1222 3222 ἦν

202 3217 298 3278 αύτων
321 3219 339 3293 ἡ
366 3243 457 3314 μητηρ
485 3225 534 3279 καλ
561 3227 604 3287 τίς
627 3221 811 3296 νομισθεὶς
798 3245 814 3280 ο
838 3221 931 3311 πατὴρ
959 3224 1091 3279 Schnelle
1119 3225 1220 3280 Exere.

200 3311 228 3382 μ.
247 3299 281 3348 23
338 3300 369 3348 11
391 3287 482 3363 οὗτος,
520 3295 577 3351 uod
596 3295 725 3353 Sehnelle
739 3292 850 3366 ροελχ
835 3317 872 3366 αρ
887 3295 1006 3364 addidit,
1019 3295 1074 3358 huc
1092 3294 1219 3366 inserui!

201 3380 290 3418 oom.
311 3365 399 3434 ΑΒα,
419 3366 483 3420 αδδ.
475 3314 604 3421 gb*
565 3360 604 3453 [³⁸
586 3385 605 3420 α
631 3368 694 3422 add
715 3316 872 3437 Κλεεελίπςρ
893 3337 1037 3422 Μεολτόετ
1055 3366 1127 3422 Ann.
1146 3367 1220 3436 phil.

202 3440 272 3559 ιεχχ
291 3441 415 3561 {wipo
482 3439 577 3507 τεοη
602 3437 732 3495 Schnelle
755 3439 812 3494 1..1
840 3409 916 3494 ολο
1003 3443 1037 3492 τε
1055 3432 1175 3508 πράττει
1193 3438 1220 3492 A
