2670 3984
610 191 814 298 -n-'
1134 246 1197 310 ιω

128 401 338 490 ετελδρύσεις
359 401 493 490 μορφάς
515 427 550 470 τε
573 399 686 470 αύτοῖν
708 401 765 470 καὶ
783 401 936 490 σύμβολα
958 403 1014 472 καὶ
1038 404 1199 494 δννάμεις

182 509 239 577 καὶ
262 507 404 597 δωρεάς,
428 503 481 589 αἷς
503 507 541 578 τὸ
564 509 665 594 γε’νος
686 501 783 594 ἡμῶν
810 504 1054 596 εὐηργέτησαν,
1082 493 1199 598 ἑορτάς

182 641 218 684 τε
246 612 364 695 ὁποίας
389 613 485 694 τινάς
521 611 648 705 ἐκάστω
675 615 770 682 θεῶν
797 609 818 700 ή
847 615 1022 703 δαιμόνων
1054 615 1198 704 ἄγεσθαι

182 719 339 808 προςήκει
361 721 418 789 καὶ
439 724 575 806 θυσίας,
603 713 657 801 αἷς
678 723 835 806 χαίρουσι
857 721 1093 810 γεραιρόμενοι
1115 723 1199 813 πρὸς

183 825 394 915 ἀνθρώπων,
424 828 605 915 ἐκεχειρίας
625 851 660 894 τε
689 817 733 894 αύ
755 827 811 895 καλ
833 828 1038 918 πανηγύρεις
1064 831 1119 900 καὶ
1142 829 1225 900 τόν

183 959 255 1002 νων
284 932 479 1014 ἀναπαύλας
506 934 562 1001 καί
589 931 699 1002 πάντα
726 931 766 1002 τά
793 938 932 1003 τοιαῦτα
960 933 1084 1023 ὁμοίως
1106 963 1198 1006 κατε-

184 1038 327 1127 στήσατο
355 1053 427 1120 τοῖς
457 1043 646 1126 κρατίστοις
672 1043 741 1108 τόν
769 1039 847 1124 παρ’
865 1039 1004 1128 Ἕλλησι
1031 1047 1198 1131 νομίμων·

182 1143 263 1226 τούς
290 1146 328 1214 δέ
356 1147 651 1233 παραδεδομένους
677 1147 754 1234 περὶ
783 1147 896 1215 αὐτῶν
919 1147 1063 1235 μύθους,
1086 1151 1124 1218 ἐν
1148 1143 1237 1230 οίςδ

184 1257 393 1340 βλασφημίαι
424 1252 514 1336 τινες
550 1257 654 1320 ἐνεισι
690 1249 762 1321 κατ’
793 1251 904 1322 αὐτῶν
937 1249 958 1340 ἢ
990 1261 1199 1344 κακηγορίαι,

184 1358 355 1445 πονηρούς
390 1359 447 1427 καὶ
482 1357 668 1446 ἀνωφελεῖς
698 1360 755 1427 καλ
786 1357 980 1447 ἀσχήμονας
1015 1359 1198 1449 ἀπολαβὼν
1213 1383 1239 1422 10

184 1463 349 1533 εἶναικαὶ
374 1461 436 1552 ούχ
454 1462 506 1534 ὅτι
528 1468 623 1534 θεῶν
646 1463 719 1533 ἀλλ’
742 1463 815 1534 οὐδ’
839 1464 1033 1554 ἀνθρώπων
1056 1466 1199 1555 ἀγαθόν

183 1570 314 1656 ἀξίους,
346 1568 497 1651 ἅπαντας
527 1571 661 1657 ἐξέβαλε
692 1572 748 1639 καλ
779 1572 1006 1658 παρεσκεύασε
1033 1572 1112 1655 τούς
1140 1573 1199 1644 ἀν-

183 1676 346 1766 θρώπους
380 1677 466 1764 <τά>
497 1677 658 1766 κράτιστα
693 1679 770 1764 περὶ
805 1682 898 1746 θεῶν
935 1679 1046 1765 λέγειν
1076 1707 1111 1750 τε
1143 1682 1199 1749 καλ

185 1799 328 1873 φρονεῖν
360 1784 467 1872 μηδὲν
494 1781 609 1865 αὐτοῖς
639 1783 895 1872 προσάπτοντας
920 1782 1062 1867 ἀνάξιον
1091 1786 1199 1873 ἐπιτή-

185 1896 293 1980 δευμα
315 1895 373 1978 τῆς
396 1898 561 1979 μακαρίας
582 1891 725 1978 φύσεως.
1213 1922 1238 1962 ιι

273 2000 413 2066 XVIIII.
437 1997 523 2068 Ούτε
540 1995 605 2086 γάρ
620 1996 777 2085 Οὐρανὸς
791 1995 1032 2084 ἐκτεμνόμενος
1045 1995 1111 2066 ὑπὸ
1130 2002 1199 2067 τῶν

186 2105 308 2174 ἑαυτοῦ
334 2108 467 2174 παίδων
496 2103 587 2194 παρά
604 2102 781 2191 Ῥωμαίοις
807 2106 937 2190 λέγεται
965 2103 1041 2174 ούτε
1065 2105 1201 2192 Κρόνος

130 2211 363 2300 εῖεάφανίζων
381 2210 439 2293 τάς
462 2213 584 2282 ἑαυτοῦ
606 2211 711 2298 γονάς
733 2210 831 2303 φόβςο
858 2216 917 2298 τῆς
939 2213 973 2293 ἐξ
996 2210 1108 2280 αὐτῶν
1132 2214 1201 2280 ἐπι-

184 2321 314 2400 θέσεως
337 2317 414 2387 ούτε
433 2317 518 2399 Ζεύς
543 2317 720 2387 καταλύων
747 2316 809 2405 τήν
833 2318 974 2406 Κρόνου
997 2321 1199 2388 δυναστείαν

184 2427 241 2494 καὶ
263 2430 467 2494 κατακλείων
492 2427 529 2494 ἐν
552 2429 598 2516 τῷ
618 2429 834 2516 δεσμωτηρίῳ
857 2429 918 2495 τού
941 2424 1116 2512 Ταρτάρου
1138 2424 1199 2495 τὸν
1214 2455 1240 2494 ω

186 2532 308 2600 ἑαυτοῦ
340 2533 465 2620 πατέρα
498 2529 581 2600 ούδέ
609 2557 647 2616 γε
682 2531 823 2620 πόλεμοι
854 2533 910 2600 καλ
941 2531 1114 2620 τραύματα
1144 2534 1200 2600 καλ

187 2640 304 2726 δεσμοὶ
332 2640 388 2706 καὶ
415 2648 550 2725 θητεῖαι
572 2641 666 2706 θεῶν
695 2635 773 2725 παρ’
799 2634 1010 2726 ἀνθρώποις·
1044 2639 1142 2728 ἑορτή
1165 2642 1240 2708 τε2

187 2743 328 2832 οὐδεμία
355 2742 433 2832 παρ’
459 2743 574 2825 αὐτοῖς
601 2749 810 2832 μελανείμων
838 2740 858 2831 ή
891 2745 1058 2833 πένθιμος
1085 2744 1201 2831 ἀγεται

185 2849 348 2930 τυπετοὺς
380 2856 503 2938 ἔχουσα
539 2851 595 2919 καλ
625 2851 780 2938 θρήνους
816 2855 987 2937 γυναικῶν
1020 2853 1074 2920 ἐπὶ
1105 2861 1201 2932 θεοῖς

186 2955 462 3044 ἀφανιζομένοις,
492 2953 537 3036 ὡς
564 2955 642 3046 παρ’
661 2955 821 3044 Ἕλλησιν
851 2959 1045 3026 ἐπιτελεῖται
1068 2963 1148 3044 περί
1165 2984 1201 3026 τε
1214 2985 1240 3027 ιε

190 3063 409 3152 Φερσεφόνης
432 3060 587 3152 ἁρπαγήν
609 3065 666 3132 καὶ
688 3061 729 3132 τά
749 3062 926 3131 Διονύσον
943 3062 1038 3149 πύθη
1061 3063 1117 3130 καλ
1137 3061 1201 3131 ὅσα

187 3221 1057 3380 olatc1A‘QIIIIIe-zItzIoIgyfiprw'v9dItlo⁸ch117nolIlsgbII{01⁷2
1071 3225 1202 3380 IIeInIII

225 3371 258 3420 13
277 3385 313 3419 τα
341 3365 405 3421 add.
433 3365 577 3436 Kiessling
603 3386 639 3420 τα
666 3369 800 3419 καλλιοτα
826 3364 927 3419 Euseb.
1009 3369 1042 3419 18
1065 3383 1156 3420 αντοο
1178 3365 1202 3418 Β

186 3442 222 3492 23
242 3430 429 3563 παὲἰαξτοῖς
447 3421 606 3508 ούδεμίαἏ
621 3437 626 3508 Ι
641 3434 751 3500 πένθος
769 3436 791 3489 Β
863 3440 898 3489 25
916 3427 1007 3504 ἀςπερ
1020 3428 1150 3504 Ἕλλησιν
1169 3435 1203 3507 Ο,

187 3525 259 3563 corr.
303 3523 379 3563 else

987 3595 1042 3650 12·
