2682 3982
580 231 743 284 ..R-
864 201 867 208 ’

151 389 309 480 θεάτροις
335 390 528 477 γινομένας·
561 389 597 456 ἐν
625 385 770 468 ἁπάσαις
798 387 863 478 γὰρ
885 388 1021 470 ταύταις
1043 389 1203 479 πρόση-4

150 503 205 585 βοι
233 497 331 586 κόροι
358 501 576 584 χιτωνίσκους
609 494 825 576 ἐνδεδυκότες
856 498 1028 584 ἐκπρεπεῖς
1059 495 1167 585 κρύυη

150 605 208 672 καὶ
236 606 316 691 ξίφη
344 603 401 672 καί
429 603 563 691 πάρμας
590 606 722 690 ἔχοντες
749 601 930 691 στοιχηδὸν
954 603 1167 690 πορεύονται,

149 716 210 779 καί
244 715 330 780 εἰσιν
367 701 462 778 οὗτοι
501 713 560 796 τῆς
595 711 728 796 πομπῆς
767 706 929 797 ἡγεμόνες
964 709 1167 798 καλούμενοι

108 911 110 914 Ι
150 815 235 904 πρὸς
260 815 372 886 αὐτῶν
402 816 455 886 ἐπὶ
488 819 545 904 τῆς
575 819 712 896 παιδιᾶς
743 819 801 902 τῆς
827 813 893 885 ὑπὸ
924 821 1049 886 Λυδῶν
1080 818 1194 898 ἕζευ-ε
1227 805 1232 816 ’

151 927 281 1013 ρῆσδεα,
317 923 483 1010 δοκούσης
515 926 695 1010 λυδίωνες,
728 921 855 1003 εἰκόνες
886 919 931 1003 ῶς
968 925 1041 1011 ἐμοὶ
1074 927 1170 992 δοκεῖ

96 1027 224 1106 σκυτῶν
250 1036 394 1116 σαλίων,
422 1030 492 1098 ἐπεὶ
519 1032 587 1099 τῶν
615 1053 652 1116 γε
679 1031 904 1117 Κουρητικῶν
927 1027 1030 1098 οὐδὲν
1056 1028 1167 1117 ῶσπερ

152 1140 188 1206 οἰ
218 1136 330 1206 σύλιοι
362 1139 490 1224 δρῶσιν
523 1133 595 1205 οὔτ’
628 1138 666 1205 ἐν
697 1133 817 1222 ὕμνοις
849 1134 920 1204 οὔτ’
952 1139 989 1206 ἰν
1021 1135 1167 1226 ὀρχήσει.

151 1247 236 1332 χρῆν
260 1243 297 1312 δὲ
323 1241 464 1324 τούτους
491 1243 693 1330 ἐλευθέρους
719 1269 755 1312 τε
778 1241 866 1312 εἰναι
895 1243 951 1312 καί
975 1241 1168 1330 αὐθιγενεῖς

150 1351 207 1418 καί
235 1348 453 1438 ἆμφνθαλείς,
487 1353 522 1418 οἰ
548 1348 583 1418 δ’
610 1350 697 1418 εἰοίν
725 1351 758 1431 ἐξ
786 1346 1028 1437 ὁποιαςδήποτε
1057 1349 1166 1438 τύχης.
1181 1375 1207 1415 ω

150 1462 186 1526 τί
205 1455 269 1544 γὰρ
294 1461 348 1526 δελ
367 1455 407 1526 τὰ
430 1463 532 1526 πλείω
560 1457 636 1542 περί
659 1454 772 1524 αύτῶυ
794 1456 953 1546 μρύφειυς
1186 1509 1189 1516 .

240 1567 372 1635 LXXII.
404 1562 451 1632 ‘H
473 1563 511 1633 δὲ
539 1563 666 1650 ἑβδόμη
694 1573 795 1651 μοῖρα
822 1567 881 1650 τῆς
908 1566 1000 1650 ἰερῶς
1022 1569 1163 1650 νομοδε-

152 1677 226 1751 σίας
252 1675 298 1764 τῷ
333 1671 517 1760 συστήματι
550 1671 736 1758 προσετέθη
768 1673 838 1738 τῶν
863 1671 1083 1755 καλουμένων
1109 1695 1167 1755 φε-

152 1783 298 1846 τιαλίων.
355 1770 449 1848 οὗτοι
477 1775 511 1846 δ’
537 1773 580 1852 ἂν
613 1785 731 1864 εἰησαν
762 1776 846 1844 κατὰ
878 1773 940 1862 τὴν
967 1773 1167 1862 Ἑλληνικὴν

151 1884 353 1972 καλούμενοι
386 1884 562 1962 διάλεκτον
594 1887 810 1971 εἰρηνοδίκαι.
869 1882 934 1956 εἰσί
966 1879 999 1978 δ’
1032 1884 1068 1950 ἐκ
1099 1885 1208 1950 τῶνίε

151 1989 298 2080 ἀρίστων
327 2001 431 2060 οἰκων
458 1989 581 2080 ἄνδρες
608 1991 772 2060 ἐπίλεκτοι
800 1985 858 2056 διὰ
884 1987 1010 2068 παντὸς
1033 1987 1168 2077 ἰερῶμε-

151 2125 207 2167 νοι
230 2089 291 2167 τού
313 2103 408 2184 βίον,
430 2096 532 2185 Νόμα
554 2100 617 2166 τοῦ
639 2098 802 2183 βασιλέως
824 2093 961 2182 πρῶτον
988 2095 1043 2164 καί
1065 2099 1166 2164 τούτο

146 2203 322 2292 Ῥωμαίοις
348 2203 386 2273 τὸ
419 2201 510 2292 ίερὸυ
539 2200 676 2291 ἀρχείου
698 2203 1006 2290 καταστησαμένου·
1039 2206 1070 2269 εἰ
1090 2201 1204 2288 μέν-2

151 2337 203 2380 τοι
230 2310 320 2400 παρὰ
347 2315 417 2380 τῶν
443 2311 662 2397 καλουμένων
690 2313 863 2378 Αἰκικλῶύ
886 2307 926 2384 ,τὸ
956 2307 1167 2397 παράδειγμα

152 2423 271 2504 ἔλαβεν
299 2415 411 2508 ῶσπερ
440 2422 573 2486 οἰουταί
600 2441 705 2502 τινες,
733 2412 754 2503 ἢ
782 2413 872 2504 παρὰ
898 2419 956 2503 τῆς
980 2413 1167 2503 Ἀρδεατῶν
1182 2440 1209 2498 το

150 2523 279 2604 πόλεως
316 2522 361 2606 ῶς
388 2523 520 2614 χρύφει
553 2526 691 2602 Γέλλιος
726 2520 788 2590 οὐκ
824 2525 887 2609 ἔχω
924 2524 1050 2609 λέγειν,
1087 2520 1168 2591 οάιό-

151 2657 214 2718 χρη
239 2631 277 2700 δὲ
299 2659 357 2720 μοι
379 2635 521 2700 τοσοῦτο
546 2629 654 2718 μόνον
677 2633 798 2716 εἰπεῖν,
823 2626 874 2698 ὅτι
897 2626 961 2714 πρὸ
985 2633 1044 2716 τῆς
1064 2629 1168 2716 Νόμα

95 2733 260 2826 ουοᾶρχῆς
278 2737 377 2807 ὀὕτω
404 2737 442 2808 τὸ
471 2741 539 2806 τῶν
563 2738 784 2825 εἰρηνοδικῶν
807 2734 960 2824 σύστημα
982 2734 1071 2824 παρὰ
1089 2734 1167 2804 Ῥω-

151 2849 263 2931 μαίοις
284 2836 338 2932 ἦν.
382 2844 605 2932 κατεστήσατο
631 2842 663 2912 δ’
689 2840 771 2912 αὐτὸ
795 2844 915 2930 Νόμας
939 2839 992 2911 ὅτε
1018 2839 1202 2928 Φιδηνύ-3

150 2979 223 3032 ταις
255 2958 369 3040 ἔμελλε
401 2960 559 3040 πολεμεῖν
591 2957 742 3041 λῃστείας
773 2950 830 3018 καί
861 2947 1073 3037 καταδρομὰς
1109 2951 1168 3034 τῆς
1181 2951 1207 2990 ²⁵

225 3155 239 3202 1
259 3143 360 3210 αύταῖς
379 3147 401 3202 Ο
422 3163 490 3202 corr.
511 3147 612 3202 (ἕσπεο
630 3147 694 3202 Obs.
713 3165 739 3216 p.
761 3151 794 3200 13
861 3149 877 3198 5
896 3138 953 3198 ἀπὸ
969 3142 1017 3196 Ab
1083 3148 1097 3196 7
1118 3138 1165 3197 ού-

152 3215 281 3276 MR
353 3214 455 3275 8ούτε
474 3218 560 3274 bisB
632 3213 689 3272 δέ.
708 3214 819 3286 χρήνΒ
846 3215 850 3284 Ι
874 3209 992 3275 τούτους
1010 3214 1169 3268 Ambrosoh

152 3285 304 3354 αύτοδςΟ
383 3297 416 3345 10
440 3288 516 3345 όίλ
595 3295 625 3344 11
652 3291 717 3344 ante
739 3289 769 3342 τί
784 3281 839 3356 χάρ
863 3283 999 3340 nonnulla
1016 3285 1105 3340 verba
1123 3302 1168 3339 ex-

152 3360 252 3416 cidisse
267 3363 424 3432 suspicatus
435 3364 479 3417 est
488 3361 646 3429 Stephanus
702 3365 734 3414 13
750 3356 889 3427 φιτιοίλων
903 3357 956 3412 ΑΒ
1014 3361 1047 3410 14
1060 3347 1134 3425 ἦσαν
1143 3358 1169 3410 A

154 3437 186 3486 19
217 3428 334 3488 ἒκικλῶν
361 3435 386 3488 Α
424 3429 565 3489 ἐκικλῶυ
592 3431 615 3484 Β
644 3448 712 3486 corr.
741 3429 876 3486 Cluverus
958 3433 993 3482 20
1019 3425 1121 3501 ἔλαβον
1145 3427 1168 3482 Β

153 3509 188 3557 24
207 3501 389 3573 φιδηνιῶταις
408 3505 431 3558 Β

205 3611 307 3654 mom.
320 3613 384 3653 Hm.
398 3614 417 3653 1.
436 3619 476 3654 nn.
489 3612 592 3654 δευοετ.
975 3593 1007 3643 17
