2698 3982
179 237 225 302 46
607 237 773 288 -A-

180 401 249 465 τῶν
273 399 310 464 έν
333 393 416 484 6666
435 395 601 481 κειμένων
621 393 764 477 πόλεων,
787 392 827 473 ἃς
846 397 997 462 οἰκοῦσιν
1017 391 1196 480 ἅνθρωποι

182 506 366 589 δίγλωττοι.
411 502 487 588 περὶ
520 500 558 570 66
589 504 651 570 τοῦ
684 503 897 585 Πελασγικοῦ
927 504 1052 578 ἔθνους
1084 496 1142 568 ὅδε
1175 493 1194 566 6

181 608 298 694 λόγος·
332 609 399 675 ’ἔνι
432 609 472 676 δέ
497 633 529 675 τι
559 607 615 674 καὶ
648 603 869 692 Χαλκιδικὸν,
900 603 938 674 τὸ
971 605 1008 674 66
1038 613 1195 672 πλεῖστον

181 711 392 800 Πελασγικὸν
415 717 485 782 τῶν
508 714 564 780 καί
588 712 730 800 Λῆμνόν
753 737 832 782 ποτε
859 713 914 780 καὶ
934 710 1082 799 Ἀθήνας
1105 716 1196 797 οίκη-

145 801 315 928 4σάντων
343 821 555 949 Τυρρηνῶν’.
601 827 774 906 Σοφοκλεῖ
795 816 826 886 6
852 821 889 888 ἐν
910 816 1027 910 Ἰνάχῳ
1052 816 1196 906 δράματι
1215 838 1252 890 68

154 887 389 996 ἀνάπαιστον
412 923 477 994 ὑπὸ
501 929 561 994 τοῦ
584 929 690 1013 χοροῦ
709 924 892 1012 λεγόμενον
914 931 1089 1011 πεποίηται
1112 915 1196 992 ῶδε·

331 1101 444 1190 Ἴναχε
467 1105 582 1190 νᾶτορ,
605 1117 667 1170 παῖ
688 1107 748 1171 τοῦ
771 1107 906 1191 κρηνῶν

342 1208 466 1298 πατρὸς
486 1207 659 1295 Ὠκεανοῦ,
682 1211 766 1297 μέγα
787 1207 982 1297 πρεσβεύων

332 1314 478 1404 ’Ἀργους
500 1343 535 1385 τε
558 1316 655 1403 γῦαις
669 1315 775 1404 Ἥρας
796 1343 831 1384 τε
854 1315 983 1403 πάγοις,

143 1471 169 1511 ,0
341 1423 397 1490 καὶ
425 1429 629 1512 Τυρσηνοῖσι
653 1431 850 1508 Πελασγοῖς.

143 1603 375 1687 ῦΤυρρηνίας
407 1599 469 1687 μὲν
501 1599 565 1689 γάρ
599 1599 641 1688 66
674 1599 783 1688 ὄνομα
814 1597 874 1668 τὸν
906 1601 1033 1687 χρόνον
1065 1601 1197 1668 ἐκεῖνον

182 1705 248 1774 άνὰ
271 1705 334 1792 τὴν
352 1704 496 1775 Ἑλλάδα
519 1699 575 1794 ἦν,
598 1709 653 1775 καὶ
667 1705 792 1794 πάσαὴ
815 1709 1055 1795 προσεσπέριος
1075 1707 1197 1774 Ἰταλία

181 1811 240 1892 τάς
266 1811 411 1882 κατὰτὸ
435 1819 539 1893 ἔθνος
563 1813 746 1901 ὀνομασίας
773 1811 997 1902 ἀφαιρεθεῖσα
1025 1814 1106 1898 [καὶ]
1134 1810 1198 1898 τὴν

183 1921 395 2005 ε’πίκλησιυέ
394 1925 511 2006 κείνην
535 1920 735 2008 ἐλάμβανεν,
760 1918 869 2007 ῶσπερ
885 1921 982 2008 <καί>
1005 1924 1064 2006 τῆς
1081 1917 1197 1987 Ἑλλά-

142 2056 168 2096 15
183 2030 242 2106 δος
269 2024 353 2134 άλλη
381 2053 416 2095 τε
443 2031 592 2115 πολλαχῇ
620 2028 677 2094 καὶ
703 2025 836 2154 περὶ
801 2053 864 2114 την
893 2029 1105 2114 καλουμένην
1128 2027 1198 2093 νῦν

181 2094 450 2219 Πελοπόῦνησου
474 2134 624 2218 ἐγένετο
655 2133 707 2199 ἐπὶ
715 2130 794 2228 γάρ
819 2130 894 2211 ἑνὸς
916 2137 984 2201 τῶν
1009 2131 1197 2200 οἰκούντων

183 2241 220 2307 ἐν
244 2237 328 2326 αὐτῇ
352 2241 482 2323 ἐθνῶν,
504 2242 566 2306 τοῦ
586 2236 755 2325 Ἀχαϊκοῦ,
778 2235 874 2304 καῖ’
856 2264 877 2323 η
902 2237 1058 2325 σύμπασα
1081 2235 1197 2324 χερρό-

182 2364 301 2430 νησος,
329 2335 415 2411 ἐν
394 2371 415 2431 η
443 2345 499 2410 καὶ
525 2341 564 2411 τὸ
589 2341 786 2430 Ἀρκαθικὸν
820 2344 876 2411 καί
903 2341 941 2412 τὸ
962 2341 1114 2412 Ἰωνικὸν
1141 2341 1198 2409 καὶ

182 2448 268 2518 άλλα
291 2446 398 2534 συχνά
423 2453 510 2536 ἔθνη
535 2455 675 2535 ἔνεστιν,
697 2447 809 2536 Ἀχαΐα
833 2448 1028 2538 ὠνομάσθη.

183 2711 278 2770 αῦτῶν
305 2714 355 2769 καί
383 2717 563 2801 Θουκυδίδης
585 2711 700 2800 μνήμην
724 2712 792 2771 ἐν’
756 2713 899 2802 τετάρτη
927 2671 1029 2789 (ῶςέ
1031 2733 1198 2802 πικεκρατη-

182 2784 296 2872 κάτων)
322 2787 373 2855 τῆς
387 2781 506 2872 Θράκης
524 2785 574 2840 καὶ
591 2787 648 2842 τῶν
673 2785 705 2843 έν
728 2782 801 2856 6666
826 2807 851 2842 κ.
870 2806 898 2842 π.
924 2805 946 2842 6.
974 2787 1097 2874 ffltsehl,
1120 2784 1199 2853 λέγει

182 2853 331 2927 γάρπερὶ
358 2851 454 2911 αῦτῶν
478 2859 509 2912 6.
540 2855 593 2926 μὲν
622 2854 653 2913 έν
637 2855 771 2928 Ἀνκτῆς
798 2858 847 2927 τῆς
872 2859 998 2945 Θρηικίας
1024 2854 1140 2942 μνήμη
1148 2855 1198 2909 καί

184 2946 207 2984 6.
227 2928 340 3012 Sauppe
363 2925 466 2982 Philol
485 2924 549 2981 XIX
573 2947 600 2998 p.
622 2936 672 2984 146
700 2927 753 2999 μὲν
777 2924 809 2984 έν
829 2924 959 3013 τετάρτη
973 2925 1062 2994 άκτῆς
1085 2923 1199 3011 μνήμην

183 3001 232 3054 καί
251 2999 307 3054 τῶν
327 3016 350 3054 6.
365 2999 481 3069 Madvig
499 2999 570 3054 Adv.
580 2999 648 3084 Ip.
665 3007 715 3056 723
736 2998 870 3070 ἐναργῆ
861 3018 920 3069 ιρεε
939 3000 1046 3056 conieci
1110 2991 1197 3052 λῦσε

183 3071 229 3124 Bb
249 3062 304 3125 τάδε
324 3070 401 3124 AB6
473 3065 609 3139 4λημιὸν
631 3071 699 3126 ποτὲ
724 3075 750 3125 A
822 3078 838 3125 6
863 3076 987 3141 σοφοκλη
976 3072 1045 3134 ςΒ
1114 3063 1198 3122 ἵνά·

183 3161 231 3212 τορ
253 3125 300 3196 Ba
326 3137 464 3210 γεννάτορ
482 3140 568 3210 ABb,
588 3158 657 3197 corr.
676 3143 805 3198 Meineke
831 3146 835 3210 Ι
860 3143 1005 3207 κρινῶνΒ
1073 3149 1089 3198 8
1114 3157 1198 3210 μετα-

183 3207 391 3297 πρετβεάωνο.
411 3211 513 3267 Reiske
587 3219 620 3268 10
639 3220 786 3283 τυρρηνοις
804 3213 856 3266 AB
882 3217 1050 3297 Τυρσηνοῖσι
1068 3209 1199 3268 Meineke

221 3290 252 3337 11
273 3279 423 3352 γάρΒοιιι.
433 3283 479 3372 Rj
499 3277 571 3338 κατά
591 3279 642 3337 τὸν
661 3303 684 3340 ο
695 3284 796 3355 Pflugk
813 3287 817 3352 Ι
835 3279 946 3338 ἐκεῖνον
964 3279 1036 3340 πολῦ
1057 3283 1106 3340 καὶ
1125 3285 1198 3334 κλει.

183 3348 236 3407 νῦν
261 3370 284 3407 ο.
303 3353 414 3423 Βοίελιε,
442 3351 515 3423 μέγα
544 3349 634 3424 ὄνομα
663 3355 752 3411 6066
770 3355 876 3424 0661>
879 3360 939 3408 ‚26
1023 3362 1055 3410 13
1083 3350 1115 3410 τὸ
1141 3351 1198 3406 del.

182 3423 284 3492 Pflugk
309 3425 313 3492 Ι
340 3397 454 3492 ἔθνάυ.
473 3424 576 3480 Reiske
601 3429 605 3493 1
630 3426 679 3481 καὶ
698 3427 752 3482 del.
772 3425 926 3480 Ambrosch
1005 3433 1037 3480 14
1056 3426 1106 3481 καὶ
1133 3421 1198 3478 add

183 3495 286 3550 Reiske
366 3500 399 3550 18
425 3491 616 3565 ί<ο>νικὸνΒ
