<?xml version="1.0" encoding="UTF-8"?>
<!DOCTYPE html PUBLIC "-//W3C//DTD XHTML 1.0 Transitional//EN"
    "http://www.w3.org/TR/xhtml1/DTD/xhtml1-transitional.dtd">
<html xmlns="http://www.w3.org/1999/xhtml" xml:lang="en" lang="en">
 <head>
  <title>
</title>
<meta http-equiv="Content-Type" content="text/html;charset=utf-8" />
  <meta name='ocr-system' content='tesseract 3.04.00' />
  <meta name='ocr-capabilities' content='ocr_page ocr_carea ocr_par ocr_line ocrx_word'/>
</head>
<body>
  <div class='ocr_page' id='page_1' title='image "./dionysihalicarn05diongoog_0144.png"; bbox 0 0 2670 3984; ppageno 0'>
   <div class='ocr_carea' id='block_1_1' title="bbox 559 250 1149 317">
    <p class='ocr_par' dir='ltr' id='par_1_1' title="bbox 559 250 1149 317">
     <span class='ocr_line' id='line_1_1' title="bbox 559 250 1149 317; baseline -0.002 0"><span class='ocrx_word' id='word_1_1' title='bbox 559 252 725 304; x_wconf 76' lang='lat' dir='ltr'><strong><em>-A-</em></strong></span> <span class='ocrx_word' id='word_1_2' title='bbox 1084 250 1149 317; x_wconf 84' lang='lat'><strong><em>133</em></strong></span> 
     </span>
    </p>
   </div>
   <div class='ocr_carea' id='block_1_2' title="bbox 10 407 1188 3079">
    <p class='ocr_par' dir='ltr' id='par_1_2' title="bbox 129 407 1149 500">
     <span class='ocr_line' id='line_1_2' title="bbox 129 407 1149 500; baseline 0.003 -22"><span class='ocrx_word' id='word_1_3' title='bbox 129 435 178 499; x_wconf 80' lang='grc' dir='ltr'><strong><em>τῳ</em></strong></span> <span class='ocrx_word' id='word_1_4' title='bbox 202 407 224 476; x_wconf 83' lang='grc' dir='ltr'><strong><em>ό</em></strong></span> <span class='ocrx_word' id='word_1_5' title='bbox 245 435 282 477; x_wconf 88' lang='grc' dir='ltr'><strong><em>τε</em></strong></span> <span class='ocrx_word' id='word_1_6' title='bbox 304 408 406 497; x_wconf 98' lang='grc' dir='ltr'><strong><em>λόχος</em></strong></span> <span class='ocrx_word' id='word_1_7' title='bbox 428 407 603 479; x_wconf 73' lang='grc' dir='ltr'><strong><em>ἀνίσταται</em></strong></span> <span class='ocrx_word' id='word_1_8' title='bbox 630 410 686 478; x_wconf 86' lang='grc' dir='ltr'><strong><em>καὶ</em></strong></span> <span class='ocrx_word' id='word_1_9' title='bbox 716 413 751 479; x_wconf 93' lang='grc' dir='ltr'><strong><em>οἱ</em></strong></span> <span class='ocrx_word' id='word_1_10' title='bbox 777 410 962 498; x_wconf 81' lang='grc' dir='ltr'><strong><em>φεύγοντες</em></strong></span> <span class='ocrx_word' id='word_1_11' title='bbox 988 407 1149 500; x_wconf 77' lang='grc' dir='ltr'><strong><em>ὑποστρέ-</em></strong></span> 
     </span>
    </p>

    <p class='ocr_par' dir='ltr' id='par_1_3' title="bbox 129 513 1148 606">
     <span class='ocr_line' id='line_1_3' title="bbox 129 513 1148 606; baseline 0.004 -22"><span class='ocrx_word' id='word_1_12' title='bbox 129 534 248 603; x_wconf 86' lang='grc' dir='ltr'><strong><em>φουσι.</em></strong></span> <span class='ocrx_word' id='word_1_13' title='bbox 297 515 552 603; x_wconf 72' lang='grc' dir='ltr'><em>κυκλωσάμενοι</em></span> <span class='ocrx_word' id='word_1_14' title='bbox 581 515 618 584; x_wconf 73' lang='grc' dir='ltr'><strong><em>δὲ</em></strong></span> <span class='ocrx_word' id='word_1_15' title='bbox 645 513 769 596; x_wconf 80' lang='grc' dir='ltr'><strong><em>αὑτοὺς</em></strong></span> <span class='ocrx_word' id='word_1_16' title='bbox 794 517 851 586; x_wconf 88' lang='grc' dir='ltr'><strong><em>καὶ</em></strong></span> <span class='ocrx_word' id='word_1_17' title='bbox 883 525 1020 598; x_wconf 72' lang='grc' dir='ltr'><strong><em>πολλοῖς</em></strong></span> <span class='ocrx_word' id='word_1_18' title='bbox 1049 517 1148 606; x_wconf 80' lang='grc' dir='ltr'><strong><em>ἀρότ-</em></strong></span> 
     </span>
    </p>

    <p class='ocr_par' dir='ltr' id='par_1_4' title="bbox 129 619 1148 714">
     <span class='ocr_line' id='line_1_4' title="bbox 129 619 1148 714; baseline 0 -22"><span class='ocrx_word' id='word_1_19' title='bbox 129 647 248 702; x_wconf 87' lang='grc' dir='ltr'><strong><em>τοντες</em></strong></span> <span class='ocrx_word' id='word_1_20' title='bbox 269 627 383 702; x_wconf 85' lang='grc' dir='ltr'><strong><em>λίθοις</em></strong></span> <span class='ocrx_word' id='word_1_21' title='bbox 404 621 640 710; x_wconf 81' lang='grc' dir='ltr'><strong><em>λαμβάνουσιν</em></strong></span> <span class='ocrx_word' id='word_1_22' title='bbox 667 619 890 714; x_wconf 77' lang='grc' dir='ltr'><strong><em>ὑποχειρίους.</em></strong></span> <span class='ocrx_word' id='word_1_23' title='bbox 934 623 1060 712; x_wconf 74' lang='grc' dir='ltr'><strong><em>ταύτην</em></strong></span> <span class='ocrx_word' id='word_1_24' title='bbox 1084 623 1148 712; x_wconf 80' lang='grc' dir='ltr'><strong><em>γὰρ</em></strong></span> 
     </span>
    </p>

    <p class='ocr_par' dir='ltr' id='par_1_5' title="bbox 130 727 1149 820">
     <span class='ocr_line' id='line_1_5' title="bbox 130 727 1149 820; baseline 0.001 -22"><span class='ocrx_word' id='word_1_25' title='bbox 130 729 226 817; x_wconf 89' lang='grc' dir='ltr'><strong><em>εἱχον</em></strong></span> <span class='ocrx_word' id='word_1_26' title='bbox 258 731 294 798; x_wconf 76' lang='grc' dir='ltr'><strong><em>ἐκ</em></strong></span> <span class='ocrx_word' id='word_1_27' title='bbox 326 733 395 798; x_wconf 89' lang='grc' dir='ltr'><strong><em>τῶν</em></strong></span> <span class='ocrx_word' id='word_1_28' title='bbox 429 733 602 798; x_wconf 73' lang='grc' dir='ltr'><strong><em>δεσποτῶν</em></strong></span> <span class='ocrx_word' id='word_1_29' title='bbox 638 727 700 816; x_wconf 83' lang='grc' dir='ltr'><strong><em>τὴν</em></strong></span> <span class='ocrx_word' id='word_1_30' title='bbox 731 733 992 820; x_wconf 75' lang='grc' dir='ltr'><strong><em>παρακέλευσιν,</em></strong></span> <span class='ocrx_word' id='word_1_31' title='bbox 1026 734 1149 812; x_wconf 74' lang='grc' dir='ltr'><strong><em>ζῶντας</em></strong></span> 
     </span>
    </p>

    <p class='ocr_par' dir='ltr' id='par_1_6' title="bbox 129 835 1175 1032">
     <span class='ocr_line' id='line_1_6' title="bbox 130 835 1175 926; baseline 0 -20"><span class='ocrx_word' id='word_1_32' title='bbox 130 838 248 918; x_wconf 70' lang='grc' dir='ltr'><strong><em>αὐτοῖς</em></strong></span> <span class='ocrx_word' id='word_1_33' title='bbox 269 835 350 916; x_wconf 88' lang='grc' dir='ltr'><strong><em>τοὺς</em></strong></span> <span class='ocrx_word' id='word_1_34' title='bbox 371 843 571 917; x_wconf 80' lang='grc' dir='ltr'><strong><em>νεανίσκους</em></strong></span> <span class='ocrx_word' id='word_1_35' title='bbox 591 842 740 925; x_wconf 89' lang='grc' dir='ltr'><strong><em>κομίσαι.</em></strong></span> <span class='ocrx_word' id='word_1_36' title='bbox 780 835 867 907; x_wconf 80' lang='grc' dir='ltr'><strong><em>οὑτω</em></strong></span> <span class='ocrx_word' id='word_1_37' title='bbox 891 836 953 926; x_wconf 70' lang='grc' dir='ltr'><strong><em>μὲν</em></strong></span> <span class='ocrx_word' id='word_1_38' title='bbox 973 836 1015 924; x_wconf 83' lang='grc' dir='ltr'><strong><em>δή</em></strong></span> <span class='ocrx_word' id='word_1_39' title='bbox 1033 858 1175 926; x_wconf 69' lang='grc' dir='ltr'><strong><em>χωρῶ-5</em></strong></span> 
     </span>
     <span class='ocr_line' id='line_1_7' title="bbox 129 940 570 1032; baseline 0 -20"><span class='ocrx_word' id='word_1_40' title='bbox 129 946 208 1024; x_wconf 85' lang='grc' dir='ltr'><strong><em>θεὶς</em></strong></span> <span class='ocrx_word' id='word_1_41' title='bbox 231 941 249 1013; x_wconf 89' lang='grc' dir='ltr'><strong><em>ὑ</em></strong></span> <span class='ocrx_word' id='word_1_42' title='bbox 268 943 394 1032; x_wconf 86' lang='grc' dir='ltr'><strong><em>Ῥῶμος</em></strong></span> <span class='ocrx_word' id='word_1_43' title='bbox 416 940 570 1030; x_wconf 81' lang='grc' dir='ltr'><strong><em>ἀπήγετο.</em></strong></span> 
     </span>
    </p>

    <p class='ocr_par' dir='ltr' id='par_1_7' title="bbox 128 1067 1188 2227">
     <span class='ocr_line' id='line_1_8' title="bbox 222 1067 1147 1158; baseline 0.002 -22"><span class='ocrx_word' id='word_1_44' title='bbox 222 1071 351 1137; x_wconf 86' lang='lat' dir='ltr'>LXXX.</span> <span class='ocrx_word' id='word_1_45' title='bbox 389 1067 447 1149; x_wconf 79' lang='grc' dir='ltr'><strong><em>Ὡς</em></strong></span> <span class='ocrx_word' id='word_1_46' title='bbox 480 1069 518 1137; x_wconf 72' lang='grc' dir='ltr'><strong><em>δὲ</em></strong></span> <span class='ocrx_word' id='word_1_47' title='bbox 553 1071 733 1157; x_wconf 79' lang='grc' dir='ltr'><strong><em>Τουβέρων</em></strong></span> <span class='ocrx_word' id='word_1_48' title='bbox 766 1078 884 1150; x_wconf 84' lang='grc' dir='ltr'><strong><em>Αἱλιος</em></strong></span> <span class='ocrx_word' id='word_1_49' title='bbox 918 1067 1029 1150; x_wconf 86' lang='grc' dir='ltr'><strong><em>δεινὸς</em></strong></span> <span class='ocrx_word' id='word_1_50' title='bbox 1061 1067 1147 1158; x_wconf 79' lang='grc' dir='ltr'><strong><em>ἀνὴρ</em></strong></span> 
     </span>
     <span class='ocr_line' id='line_1_9' title="bbox 129 1174 1148 1266; baseline -0.003 -20"><span class='ocrx_word' id='word_1_51' title='bbox 129 1179 188 1246; x_wconf 84' lang='grc' dir='ltr'><strong><em>καὶ</em></strong></span> <span class='ocrx_word' id='word_1_52' title='bbox 210 1179 286 1266; x_wconf 81' lang='grc' dir='ltr'><strong><em>περὶ</em></strong></span> <span class='ocrx_word' id='word_1_53' title='bbox 309 1175 372 1264; x_wconf 83' lang='grc' dir='ltr'><strong><em>τὴν</em></strong></span> <span class='ocrx_word' id='word_1_54' title='bbox 396 1175 600 1264; x_wconf 82' lang='grc' dir='ltr'><strong><em>συναγωγήν</em></strong></span> <span class='ocrx_word' id='word_1_55' title='bbox 626 1180 686 1263; x_wconf 80' lang='grc' dir='ltr'><strong><em>τῆς</em></strong></span> <span class='ocrx_word' id='word_1_56' title='bbox 714 1179 863 1264; x_wconf 78' lang='grc' dir='ltr'><strong><em>ἱστορίας</em></strong></span> <span class='ocrx_word' id='word_1_57' title='bbox 891 1174 1046 1264; x_wconf 74' lang='grc' dir='ltr'><strong><em>ἐπιμελής</em></strong></span> <span class='ocrx_word' id='word_1_58' title='bbox 1068 1175 1148 1264; x_wconf 76' lang='grc' dir='ltr'><strong><em>χρό-</em></strong></span> 
     </span>
     <span class='ocr_line' id='line_1_10' title="bbox 130 1281 1148 1372; baseline -0.001 -20"><span class='ocrx_word' id='word_1_59' title='bbox 130 1311 204 1372; x_wconf 82' lang='grc' dir='ltr'><strong><em>φει,</em></strong></span> <span class='ocrx_word' id='word_1_60' title='bbox 232 1284 426 1372; x_wconf 74' lang='grc' dir='ltr'><strong><em>προειδότες</em></strong></span> <span class='ocrx_word' id='word_1_61' title='bbox 454 1287 490 1352; x_wconf 90' lang='grc' dir='ltr'><strong><em>οἱ</em></strong></span> <span class='ocrx_word' id='word_1_62' title='bbox 514 1289 575 1353; x_wconf 81' lang='grc' dir='ltr'><strong><em>τοῦ</em></strong></span> <span class='ocrx_word' id='word_1_63' title='bbox 603 1285 796 1371; x_wconf 77' lang='grc' dir='ltr'><strong><em>Νεμέτορος</em></strong></span> <span class='ocrx_word' id='word_1_64' title='bbox 822 1283 993 1364; x_wconf 76' lang='grc' dir='ltr'><strong><em>θύσοντας</em></strong></span> <span class='ocrx_word' id='word_1_65' title='bbox 1015 1281 1056 1352; x_wconf 82' lang='grc' dir='ltr'><strong><em>τὰ</em></strong></span> <span class='ocrx_word' id='word_1_66' title='bbox 1080 1282 1148 1351; x_wconf 85' lang='grc' dir='ltr'><strong><em>Λύ-</em></strong></span> 
     </span>
     <span class='ocr_line' id='line_1_11' title="bbox 129 1386 1188 1483; baseline -0.004 -23"><span class='ocrx_word' id='word_1_67' title='bbox 129 1419 210 1460; x_wconf 90' lang='grc' dir='ltr'><strong><em>καια</em></strong></span> <span class='ocrx_word' id='word_1_68' title='bbox 241 1390 320 1472; x_wconf 84' lang='grc' dir='ltr'><strong><em>τοὺς</em></strong></span> <span class='ocrx_word' id='word_1_69' title='bbox 351 1398 551 1472; x_wconf 82' lang='grc' dir='ltr'><strong><em>νεανίσκους</em></strong></span> <span class='ocrx_word' id='word_1_70' title='bbox 582 1395 628 1483; x_wconf 76' lang='grc' dir='ltr'><strong><em>τῷ</em></strong></span> <span class='ocrx_word' id='word_1_71' title='bbox 659 1391 752 1460; x_wconf 88' lang='grc' dir='ltr'><strong><em>Πανὶ</em></strong></span> <span class='ocrx_word' id='word_1_72' title='bbox 783 1388 846 1477; x_wconf 82' lang='grc' dir='ltr'><strong><em>τήν</em></strong></span> <span class='ocrx_word' id='word_1_73' title='bbox 870 1387 1069 1478; x_wconf 75' lang='grc' dir='ltr'><strong><em>Ἀρκαδικὴν</em></strong></span> <span class='ocrx_word' id='word_1_74' title='bbox 1104 1386 1149 1468; x_wconf 84' lang='grc' dir='ltr'><strong><em>ῶς</em></strong></span> <span class='ocrx_word' id='word_1_75' title='bbox 1163 1409 1188 1448; x_wconf 87' lang='lat'><strong><em>10</em></strong></span> 
     </span>
     <span class='ocr_line' id='line_1_12' title="bbox 129 1496 1148 1588; baseline -0.003 -21"><span class='ocrx_word' id='word_1_76' title='bbox 129 1498 312 1588; x_wconf 77' lang='grc' dir='ltr'><strong><em>Εὔανδρος</em></strong></span> <span class='ocrx_word' id='word_1_77' title='bbox 338 1497 561 1585; x_wconf 80' lang='grc' dir='ltr'><strong><em>κατεστήσατο</em></strong></span> <span class='ocrx_word' id='word_1_78' title='bbox 588 1503 718 1566; x_wconf 81' lang='grc' dir='ltr'><strong><em>θυσίαν</em></strong></span> <span class='ocrx_word' id='word_1_79' title='bbox 751 1496 960 1585; x_wconf 78' lang='grc' dir='ltr'><strong><em>ἐνήδρευσαν</em></strong></span> <span class='ocrx_word' id='word_1_80' title='bbox 990 1496 1050 1566; x_wconf 86' lang='grc' dir='ltr'><strong><em>τὸν</em></strong></span> <span class='ocrx_word' id='word_1_81' title='bbox 1077 1521 1148 1564; x_wconf 87' lang='grc' dir='ltr'><strong><em>και-</em></strong></span> 
     </span>
     <span class='ocr_line' id='line_1_13' title="bbox 130 1599 1148 1694; baseline -0.004 -20"><span class='ocrx_word' id='word_1_82' title='bbox 130 1605 195 1694; x_wconf 88' lang='grc' dir='ltr'><strong><em>ρὸν</em></strong></span> <span class='ocrx_word' id='word_1_83' title='bbox 229 1608 358 1674; x_wconf 77' lang='grc' dir='ltr'><strong><em>ἐκείνου</em></strong></span> <span class='ocrx_word' id='word_1_84' title='bbox 390 1609 449 1692; x_wconf 82' lang='grc' dir='ltr'><strong><em>τῆς</em></strong></span> <span class='ocrx_word' id='word_1_85' title='bbox 481 1607 686 1692; x_wconf 77' lang='grc' dir='ltr'><strong><em>ἱερουργίας,</em></strong></span> <span class='ocrx_word' id='word_1_86' title='bbox 716 1599 816 1690; x_wconf 87' lang='grc' dir='ltr'><strong><em>ήνὶκα</em></strong></span> <span class='ocrx_word' id='word_1_87' title='bbox 847 1607 932 1692; x_wconf 83' lang='grc' dir='ltr'><strong><em>χρῆν</em></strong></span> <span class='ocrx_word' id='word_1_88' title='bbox 962 1603 1041 1684; x_wconf 85' lang='grc' dir='ltr'><strong><em>τοὺς</em></strong></span> <span class='ocrx_word' id='word_1_89' title='bbox 1072 1604 1148 1690; x_wconf 82' lang='grc' dir='ltr'><strong><em>περὶ</em></strong></span> 
     </span>
     <span class='ocr_line' id='line_1_14' title="bbox 128 1711 1148 1790; baseline -0.006 -8"><span class='ocrx_word' id='word_1_90' title='bbox 128 1711 168 1782; x_wconf 88' lang='grc' dir='ltr'><strong><em>τὸ</em></strong></span> <span class='ocrx_word' id='word_1_91' title='bbox 194 1712 411 1781; x_wconf 84' lang='grc' dir='ltr'><strong><em>Παλλάντιον</em></strong></span> <span class='ocrx_word' id='word_1_92' title='bbox 435 1713 612 1790; x_wconf 79' lang='grc' dir='ltr'><strong><em>οἰκοῦντας</em></strong></span> <span class='ocrx_word' id='word_1_93' title='bbox 639 1714 707 1780; x_wconf 90' lang='grc' dir='ltr'><strong><em>τῶν</em></strong></span> <span class='ocrx_word' id='word_1_94' title='bbox 735 1712 825 1779; x_wconf 81' lang='grc' dir='ltr'><strong><em>νέων</em></strong></span> <span class='ocrx_word' id='word_1_95' title='bbox 852 1712 888 1778; x_wconf 75' lang='grc' dir='ltr'><strong><em>ἐκ</em></strong></span> <span class='ocrx_word' id='word_1_96' title='bbox 910 1714 971 1778; x_wconf 88' lang='grc' dir='ltr'><strong><em>τοὺ</em></strong></span> <span class='ocrx_word' id='word_1_97' title='bbox 984 1715 1148 1778; x_wconf 75' lang='grc' dir='ltr'><strong><em>Λυκαίου</em></strong></span> 
     </span>
     <span class='ocr_line' id='line_1_15' title="bbox 129 1813 1148 1908; baseline -0.005 -20"><span class='ocrx_word' id='word_1_98' title='bbox 129 1819 317 1898; x_wconf 79' lang='grc' dir='ltr'><strong><em>τεθυκότας</em></strong></span> <span class='ocrx_word' id='word_1_99' title='bbox 352 1826 545 1906; x_wconf 73' lang='grc' dir='ltr'><strong><em>περιελθεῖν</em></strong></span> <span class='ocrx_word' id='word_1_100' title='bbox 583 1817 698 1908; x_wconf 79' lang='grc' dir='ltr'><strong><em>δρόμῳ</em></strong></span> <span class='ocrx_word' id='word_1_101' title='bbox 739 1816 802 1903; x_wconf 81' lang='grc' dir='ltr'><strong><em>τὴν</em></strong></span> <span class='ocrx_word' id='word_1_102' title='bbox 845 1814 962 1903; x_wconf 80' lang='grc' dir='ltr'><strong><em>κόμην</em></strong></span> <span class='ocrx_word' id='word_1_103' title='bbox 998 1813 1148 1902; x_wconf 83' lang='grc' dir='ltr'><strong><em>μυμνοὺς</em></strong></span> 
     </span>
     <span class='ocr_line' id='line_1_16' title="bbox 130 1921 1187 2014; baseline -0.007 -19"><span class='ocrx_word' id='word_1_104' title='bbox 130 1924 386 2014; x_wconf 76' lang='grc' dir='ltr'><strong><em>ὑπεζωσμένους</em></strong></span> <span class='ocrx_word' id='word_1_105' title='bbox 408 1924 471 2012; x_wconf 85' lang='grc' dir='ltr'><strong><em>τήν</em></strong></span> <span class='ocrx_word' id='word_1_106' title='bbox 501 1927 587 1992; x_wconf 89' lang='grc' dir='ltr'><strong><em>αίδῶ</em></strong></span> <span class='ocrx_word' id='word_1_107' title='bbox 619 1938 692 2004; x_wconf 73' lang='grc' dir='ltr'><strong><em>ταῖς</em></strong></span> <span class='ocrx_word' id='word_1_108' title='bbox 720 1927 837 2011; x_wconf 79' lang='grc' dir='ltr'><strong><em>δοραῖς</em></strong></span> <span class='ocrx_word' id='word_1_109' title='bbox 863 1926 932 1991; x_wconf 90' lang='grc' dir='ltr'><strong><em>τῶν</em></strong></span> <span class='ocrx_word' id='word_1_110' title='bbox 960 1921 1147 1990; x_wconf 84' lang='grc' dir='ltr'><strong><em>νεοθύτων.</em></strong></span> <span class='ocrx_word' id='word_1_111' title='bbox 1162 1939 1187 1977; x_wconf 82' lang='lat'><strong><em>1⁵</em></strong></span> 
     </span>
     <span class='ocr_line' id='line_1_17' title="bbox 128 2025 1147 2119; baseline -0.008 -16"><span class='ocrx_word' id='word_1_112' title='bbox 128 2037 232 2103; x_wconf 80' lang='grc' dir='ltr'><strong><em>τοῦτο</em></strong></span> <span class='ocrx_word' id='word_1_113' title='bbox 257 2033 294 2101; x_wconf 72' lang='grc' dir='ltr'><strong><em>δὲ</em></strong></span> <span class='ocrx_word' id='word_1_114' title='bbox 316 2030 496 2119; x_wconf 89' lang='grc' dir='ltr'><strong><em>καθαρμόν</em></strong></span> <span class='ocrx_word' id='word_1_115' title='bbox 518 2058 595 2098; x_wconf 93' lang='grc' dir='ltr'><strong><em>τινα</em></strong></span> <span class='ocrx_word' id='word_1_116' title='bbox 623 2034 693 2098; x_wconf 87' lang='grc' dir='ltr'><strong><em>τῶν</em></strong></span> <span class='ocrx_word' id='word_1_117' title='bbox 716 2032 879 2116; x_wconf 80' lang='grc' dir='ltr'><strong><em>κωμητῶν</em></strong></span> <span class='ocrx_word' id='word_1_118' title='bbox 907 2027 1049 2115; x_wconf 78' lang='grc' dir='ltr'><strong><em>πάτριον</em></strong></span> <span class='ocrx_word' id='word_1_119' title='bbox 1073 2025 1147 2094; x_wconf 82' lang='grc' dir='ltr'><strong><em>ἐδύ-</em></strong></span> 
     </span>
     <span class='ocr_line' id='line_1_18' title="bbox 129 2133 1187 2227; baseline -0.009 -18"><span class='ocrx_word' id='word_1_120' title='bbox 129 2167 226 2227; x_wconf 90' lang='grc' dir='ltr'><strong><em>νατο,</em></strong></span> <span class='ocrx_word' id='word_1_121' title='bbox 250 2137 295 2220; x_wconf 85' lang='grc' dir='ltr'><strong><em>ῶς</em></strong></span> <span class='ocrx_word' id='word_1_122' title='bbox 317 2141 373 2207; x_wconf 84' lang='grc' dir='ltr'><strong><em>καὶ</em></strong></span> <span class='ocrx_word' id='word_1_123' title='bbox 391 2143 457 2206; x_wconf 86' lang='grc' dir='ltr'><strong><em>νῦν</em></strong></span> <span class='ocrx_word' id='word_1_124' title='bbox 482 2143 529 2206; x_wconf 83' lang='grc' dir='ltr'><strong><em>ἔτι</em></strong></span> <span class='ocrx_word' id='word_1_125' title='bbox 553 2140 681 2226; x_wconf 81' lang='grc' dir='ltr'><strong><em>δρᾶται.</em></strong></span> <span class='ocrx_word' id='word_1_126' title='bbox 723 2139 761 2204; x_wconf 78' lang='grc' dir='ltr'><strong><em>ἐν</em></strong></span> <span class='ocrx_word' id='word_1_127' title='bbox 785 2134 827 2224; x_wconf 85' lang='grc' dir='ltr'><strong><em>δή</em></strong></span> <span class='ocrx_word' id='word_1_128' title='bbox 845 2135 952 2226; x_wconf 78' lang='grc' dir='ltr'><strong><em>τούτῳ</em></strong></span> <span class='ocrx_word' id='word_1_129' title='bbox 970 2138 1017 2226; x_wconf 75' lang='grc' dir='ltr'><strong><em>τῷ</em></strong></span> <span class='ocrx_word' id='word_1_130' title='bbox 1035 2133 1147 2225; x_wconf 76' lang='grc' dir='ltr'><strong><em>χρόνῳ</em></strong></span> <span class='ocrx_word' id='word_1_131' title='bbox 1166 2135 1187 2197; x_wconf 83' lang='grc'>2</span> 
     </span>
    </p>

    <p class='ocr_par' dir='ltr' id='par_1_8' title="bbox 70 2240 1148 2334">
     <span class='ocr_line' id='line_1_19' title="bbox 70 2240 1148 2334; baseline -0.005 -22"><span class='ocrx_word' id='word_1_132' title='bbox 70 2247 211 2328; x_wconf 77' lang='grc' dir='ltr'><strong><em>208τοὺς</em></strong></span> <span class='ocrx_word' id='word_1_133' title='bbox 244 2243 434 2334; x_wconf 68' lang='grc' dir='ltr'><strong><em>ἱεροποιοὺς</em></strong></span> <span class='ocrx_word' id='word_1_134' title='bbox 466 2249 666 2323; x_wconf 88' lang='grc' dir='ltr'><strong><em>νεανίσκους</em></strong></span> <span class='ocrx_word' id='word_1_135' title='bbox 694 2246 730 2311; x_wconf 91' lang='grc' dir='ltr'><strong><em>οἱ</em></strong></span> <span class='ocrx_word' id='word_1_136' title='bbox 753 2242 914 2329; x_wconf 80' lang='grc' dir='ltr'><strong><em>βουκόλοι</em></strong></span> <span class='ocrx_word' id='word_1_137' title='bbox 946 2240 1148 2329; x_wconf 82' lang='grc' dir='ltr'><strong><em>λοχήσαντες</em></strong></span> 
     </span>
    </p>

    <p class='ocr_par' dir='ltr' id='par_1_9' title="bbox 10 2347 1187 2550">
     <span class='ocr_line' id='line_1_20' title="bbox 10 2347 1148 2438; baseline -0.008 -15"><span class='ocrx_word' id='word_1_138' title='bbox 10 2403 11 2406; x_wconf 55' lang='lat'><em>=</em></span> <span class='ocrx_word' id='word_1_139' title='bbox 128 2353 214 2422; x_wconf 87' lang='grc' dir='ltr'><strong><em>κατδι</em></strong></span> <span class='ocrx_word' id='word_1_140' title='bbox 247 2351 285 2422; x_wconf 87' lang='grc' dir='ltr'><strong><em>τὸ</em></strong></span> <span class='ocrx_word' id='word_1_141' title='bbox 319 2351 526 2438; x_wconf 85' lang='grc' dir='ltr'><strong><em>στενόπορον</em></strong></span> <span class='ocrx_word' id='word_1_142' title='bbox 558 2353 617 2438; x_wconf 85' lang='grc' dir='ltr'><strong><em>τής</em></strong></span> <span class='ocrx_word' id='word_1_143' title='bbox 649 2347 751 2436; x_wconf 85' lang='grc' dir='ltr'><strong><em>ὁδοῦ,</em></strong></span> <span class='ocrx_word' id='word_1_144' title='bbox 789 2347 903 2436; x_wconf 78' lang='grc' dir='ltr'><strong><em>ἐπειδὴ</em></strong></span> <span class='ocrx_word' id='word_1_145' title='bbox 939 2347 976 2417; x_wconf 87' lang='grc' dir='ltr'><strong><em>τὸ</em></strong></span> <span class='ocrx_word' id='word_1_146' title='bbox 1014 2351 1148 2434; x_wconf 87' lang='grc' dir='ltr'><strong><em>πρῶτον</em></strong></span> 
     </span>
     <span class='ocr_line' id='line_1_21' title="bbox 129 2453 1187 2550; baseline -0.003 -20"><span class='ocrx_word' id='word_1_147' title='bbox 129 2461 241 2548; x_wconf 80' lang='grc' dir='ltr'><strong><em>τάγμα</em></strong></span> <span class='ocrx_word' id='word_1_148' title='bbox 272 2459 309 2528; x_wconf 86' lang='grc' dir='ltr'><strong><em>τὸ</em></strong></span> <span class='ocrx_word' id='word_1_149' title='bbox 339 2457 404 2527; x_wconf 84' lang='grc' dir='ltr'><strong><em>σὺν</em></strong></span> <span class='ocrx_word' id='word_1_150' title='bbox 435 2463 481 2550; x_wconf 76' lang='grc' dir='ltr'><strong><em>τῷ</em></strong></span> <span class='ocrx_word' id='word_1_151' title='bbox 509 2455 624 2548; x_wconf 78' lang='grc' dir='ltr'><strong><em>Ῥῶμῳ</em></strong></span> <span class='ocrx_word' id='word_1_152' title='bbox 652 2454 723 2524; x_wconf 90' lang='grc' dir='ltr'><strong><em>κατ’</em></strong></span> <span class='ocrx_word' id='word_1_153' title='bbox 750 2453 873 2536; x_wconf 83' lang='grc' dir='ltr'><strong><em>αὑτοὺς</em></strong></span> <span class='ocrx_word' id='word_1_154' title='bbox 905 2457 1047 2542; x_wconf 79' lang='grc' dir='ltr'><strong><em>ἐγένετο,</em></strong></span> <span class='ocrx_word' id='word_1_155' title='bbox 1078 2456 1148 2522; x_wconf 89' lang='grc' dir='ltr'><strong><em>τῶν</em></strong></span> <span class='ocrx_word' id='word_1_156' title='bbox 1162 2487 1187 2527; x_wconf 84' lang='grc' dir='ltr'><strong><em>ει</em></strong></span> 
     </span>
    </p>

    <p class='ocr_par' dir='ltr' id='par_1_10' title="bbox 130 2558 1148 2656">
     <span class='ocr_line' id='line_1_22' title="bbox 130 2558 1148 2656; baseline -0.008 -20"><span class='ocrx_word' id='word_1_157' title='bbox 130 2567 220 2656; x_wconf 78' lang='grc' dir='ltr'><strong><em>ἀμφὶ</em></strong></span> <span class='ocrx_word' id='word_1_158' title='bbox 240 2565 411 2654; x_wconf 85' lang='grc' dir='ltr'><strong><em>Ῥωμύλου</em></strong></span> <span class='ocrx_word' id='word_1_159' title='bbox 429 2591 464 2634; x_wconf 89' lang='grc' dir='ltr'><strong><em>τε</em></strong></span> <span class='ocrx_word' id='word_1_160' title='bbox 482 2565 538 2632; x_wconf 80' lang='grc' dir='ltr'><strong><em>καὶ</em></strong></span> <span class='ocrx_word' id='word_1_161' title='bbox 557 2562 670 2632; x_wconf 80' lang='grc' dir='ltr'><strong><em>ἄλλων</em></strong></span> <span class='ocrx_word' id='word_1_162' title='bbox 687 2560 930 2650; x_wconf 82' lang='grc' dir='ltr'><strong><em>ὑστεριζόντων</em></strong></span> <span class='ocrx_word' id='word_1_163' title='bbox 955 2564 1065 2652; x_wconf 78' lang='grc' dir='ltr'><strong><em>(τριχῇ</em></strong></span> <span class='ocrx_word' id='word_1_164' title='bbox 1084 2558 1148 2647; x_wconf 80' lang='grc' dir='ltr'><strong><em>γὰρ</em></strong></span> 
     </span>
    </p>

    <p class='ocr_par' dir='ltr' id='par_1_11' title="bbox 131 2667 1148 2760">
     <span class='ocr_line' id='line_1_23' title="bbox 131 2667 1148 2760; baseline -0.009 -17"><span class='ocrx_word' id='word_1_165' title='bbox 131 2675 335 2760; x_wconf 82' lang='grc' dir='ltr'><strong><em>ἐνενέμηντο</em></strong></span> <span class='ocrx_word' id='word_1_166' title='bbox 354 2673 410 2739; x_wconf 88' lang='grc' dir='ltr'><strong><em>καὶ</em></strong></span> <span class='ocrx_word' id='word_1_167' title='bbox 433 2673 469 2740; x_wconf 79' lang='grc' dir='ltr'><strong><em>ἐκ</em></strong></span> <span class='ocrx_word' id='word_1_168' title='bbox 493 2670 717 2758; x_wconf 89' lang='grc' dir='ltr'><strong><em>διαστήματος</em></strong></span> <span class='ocrx_word' id='word_1_169' title='bbox 740 2671 854 2758; x_wconf 80' lang='grc' dir='ltr'><strong><em>ἔθεον)</em></strong></span> <span class='ocrx_word' id='word_1_170' title='bbox 875 2667 916 2738; x_wconf 88' lang='grc' dir='ltr'><strong><em>οὑ</em></strong></span> <span class='ocrx_word' id='word_1_171' title='bbox 938 2673 1148 2757; x_wconf 88' lang='grc' dir='ltr'><strong><em>περιμείναν-</em></strong></span> 
     </span>
    </p>

    <p class='ocr_par' dir='ltr' id='par_1_12' title="bbox 131 2773 1148 2866">
     <span class='ocr_line' id='line_1_24' title="bbox 131 2773 1148 2866; baseline -0.008 -17"><span class='ocrx_word' id='word_1_172' title='bbox 131 2807 186 2860; x_wconf 91' lang='grc' dir='ltr'><strong><em>τες</em></strong></span> <span class='ocrx_word' id='word_1_173' title='bbox 212 2777 291 2859; x_wconf 86' lang='grc' dir='ltr'><strong><em>τοὺς</em></strong></span> <span class='ocrx_word' id='word_1_174' title='bbox 317 2776 457 2858; x_wconf 85' lang='grc' dir='ltr'><strong><em>λοιποὺς</em></strong></span> <span class='ocrx_word' id='word_1_175' title='bbox 484 2775 634 2866; x_wconf 80' lang='grc' dir='ltr'><strong><em>ὁρμῶσιν</em></strong></span> <span class='ocrx_word' id='word_1_176' title='bbox 663 2778 716 2846; x_wconf 88' lang='grc' dir='ltr'><strong><em>ε’πὶ</em></strong></span> <span class='ocrx_word' id='word_1_177' title='bbox 742 2776 822 2856; x_wconf 85' lang='grc' dir='ltr'><strong><em>τοὺς</em></strong></span> <span class='ocrx_word' id='word_1_178' title='bbox 848 2775 1001 2864; x_wconf 84' lang='grc' dir='ltr'><strong><em>πρῶτους</em></strong></span> <span class='ocrx_word' id='word_1_179' title='bbox 1029 2773 1148 2862; x_wconf 79' lang='grc' dir='ltr'><strong><em>ἐμβοή-</em></strong></span> 
     </span>
    </p>

    <p class='ocr_par' dir='ltr' id='par_1_13' title="bbox 131 2879 1188 3079">
     <span class='ocr_line' id='line_1_25' title="bbox 132 2879 1148 2974; baseline -0.01 -18"><span class='ocrx_word' id='word_1_180' title='bbox 132 2907 253 2966; x_wconf 90' lang='grc' dir='ltr'><strong><em>σαντες</em></strong></span> <span class='ocrx_word' id='word_1_181' title='bbox 276 2883 401 2974; x_wconf 82' lang='grc' dir='ltr'><strong><em>όθρόοι</em></strong></span> <span class='ocrx_word' id='word_1_182' title='bbox 423 2887 479 2953; x_wconf 81' lang='grc' dir='ltr'><strong><em>καὶ</em></strong></span> <span class='ocrx_word' id='word_1_183' title='bbox 504 2883 719 2972; x_wconf 79' lang='grc' dir='ltr'><strong><em>περιστάντες</em></strong></span> <span class='ocrx_word' id='word_1_184' title='bbox 747 2887 889 2970; x_wconf 81' lang='grc' dir='ltr'><strong><em>ἔβαλλον</em></strong></span> <span class='ocrx_word' id='word_1_185' title='bbox 914 2886 949 2952; x_wconf 94' lang='grc' dir='ltr'><strong><em>οἱ</em></strong></span> <span class='ocrx_word' id='word_1_186' title='bbox 965 2881 1027 2970; x_wconf 74' lang='grc' dir='ltr'><strong><em>μὲν</em></strong></span> <span class='ocrx_word' id='word_1_187' title='bbox 1050 2879 1148 2948; x_wconf 81' lang='grc' dir='ltr'><strong><em>ἄκον-</em></strong></span> 
     </span>
     <span class='ocr_line' id='line_1_26' title="bbox 131 2983 1188 3079; baseline -0.005 -18"><span class='ocrx_word' id='word_1_188' title='bbox 131 2999 228 3079; x_wconf 90' lang='grc' dir='ltr'><strong><em>τίοις,</em></strong></span> <span class='ocrx_word' id='word_1_189' title='bbox 253 2995 289 3060; x_wconf 92' lang='grc' dir='ltr'><strong><em>οἱ</em></strong></span> <span class='ocrx_word' id='word_1_190' title='bbox 310 2991 348 3060; x_wconf 70' lang='grc' dir='ltr'><strong><em>δὲ</em></strong></span> <span class='ocrx_word' id='word_1_191' title='bbox 370 2997 494 3078; x_wconf 87' lang='grc' dir='ltr'><strong><em>λίθοις,</em></strong></span> <span class='ocrx_word' id='word_1_192' title='bbox 518 2996 554 3060; x_wconf 92' lang='grc' dir='ltr'><strong><em>οἱ</em></strong></span> <span class='ocrx_word' id='word_1_193' title='bbox 574 2990 606 3059; x_wconf 92' lang='grc' dir='ltr'><strong><em>δ’</em></strong></span> <span class='ocrx_word' id='word_1_194' title='bbox 629 2989 674 3070; x_wconf 83' lang='grc' dir='ltr'><strong><em>ῶς</em></strong></span> <span class='ocrx_word' id='word_1_195' title='bbox 693 2993 829 3059; x_wconf 78' lang='grc' dir='ltr'><strong><em>ἕκαστοί</em></strong></span> <span class='ocrx_word' id='word_1_196' title='bbox 847 3018 879 3058; x_wconf 92' lang='grc' dir='ltr'><strong><em>τι</em></strong></span> <span class='ocrx_word' id='word_1_197' title='bbox 899 2989 955 3057; x_wconf 79' lang='grc' dir='ltr'><strong><em>διὰ</em></strong></span> <span class='ocrx_word' id='word_1_198' title='bbox 971 2987 1082 3076; x_wconf 87' lang='grc' dir='ltr'><strong><em>χειρὸς</em></strong></span> <span class='ocrx_word' id='word_1_199' title='bbox 1104 2983 1148 3054; x_wconf 88' lang='grc' dir='ltr'><strong><em>εἱ-</em></strong></span> <span class='ocrx_word' id='word_1_200' title='bbox 1162 3017 1188 3056; x_wconf 78' lang='grc' dir='ltr'><strong><em>νε</em></strong></span> 
     </span>
    </p>
   </div>
   <div class='ocr_carea' id='block_1_3' title="bbox 130 3194 1150 3595">
    <p class='ocr_par' dir='ltr' id='par_1_14' title="bbox 207 3194 1148 3324">
     <span class='ocr_line' id='line_1_27' title="bbox 207 3194 1148 3324; baseline -0.006 -28"><span class='ocrx_word' id='word_1_201' title='bbox 207 3249 223 3296; x_wconf 86' lang='grc'><strong>6</strong></span> <span class='ocrx_word' id='word_1_202' title='bbox 236 3236 336 3324; x_wconf 83' lang='grc' dir='ltr'><strong><em>ρόμος</em></strong></span> <span class='ocrx_word' id='word_1_203' title='bbox 353 3241 378 3294; x_wconf 82' lang='grc' dir='ltr'><strong>Δ</strong></span> <span class='ocrx_word' id='word_1_204' title='bbox 397 3237 532 3323; x_wconf 80' lang='grc' dir='ltr'><strong><em>ρ&lt;εό&gt;ρος</em></strong></span> <span class='ocrx_word' id='word_1_205' title='bbox 545 3241 593 3294; x_wconf 92' lang='lat' dir='ltr'><strong><em>Bb</em></strong></span> <span class='ocrx_word' id='word_1_206' title='bbox 612 3194 750 3310; x_wconf 80' lang='grc' dir='ltr'><strong><em>ρέμοςΒο</em></strong></span> <span class='ocrx_word' id='word_1_207' title='bbox 768 3241 887 3310; x_wconf 73' lang='lat' dir='ltr'>posthae</span> <span class='ocrx_word' id='word_1_208' title='bbox 907 3237 1036 3292; x_wconf 79' lang='lat' dir='ltr'>codicum</span> <span class='ocrx_word' id='word_1_209' title='bbox 1050 3235 1148 3291; x_wconf 63' lang='lat' dir='ltr'><strong>leobio·</strong></span> 
     </span>
    </p>

    <p class='ocr_par' dir='ltr' id='par_1_15' title="bbox 130 3304 1148 3396">
     <span class='ocr_line' id='line_1_28' title="bbox 130 3304 1148 3396; baseline -0.007 -28"><span class='ocrx_word' id='word_1_210' title='bbox 130 3329 183 3368; x_wconf 80' lang='lat' dir='ltr'><strong><em>nes</em></strong></span> <span class='ocrx_word' id='word_1_211' title='bbox 215 3311 407 3381; x_wconf 76' lang='lat' dir='ltr'><strong>discrepantes</strong></span> <span class='ocrx_word' id='word_1_212' title='bbox 439 3311 522 3366; x_wconf 78' lang='lat' dir='ltr'>huius</span> <span class='ocrx_word' id='word_1_213' title='bbox 554 3312 629 3366; x_wconf 81' lang='lat' dir='ltr'>vocis</span> <span class='ocrx_word' id='word_1_214' title='bbox 656 3329 712 3366; x_wconf 85' lang='lat' dir='ltr'><strong><em>non</em></strong></span> <span class='ocrx_word' id='word_1_215' title='bbox 739 3312 843 3367; x_wconf 73' lang='lat' dir='ltr'><strong>notabo</strong></span> <span class='ocrx_word' id='word_1_216' title='bbox 931 3316 964 3363; x_wconf 80' lang='lat'><strong><em>12</em></strong></span> <span class='ocrx_word' id='word_1_217' title='bbox 988 3304 1099 3396; x_wconf 75' lang='grc' dir='ltr'><strong><em>*ἐχρῆν</em></strong></span> <span class='ocrx_word' id='word_1_218' title='bbox 1126 3306 1148 3362; x_wconf 93' lang='grc' dir='ltr'><strong>Ο</strong></span> 
     </span>
    </p>

    <p class='ocr_par' dir='ltr' id='par_1_16' title="bbox 170 3375 1150 3465">
     <span class='ocr_line' id='line_1_29' title="bbox 170 3375 1150 3465; baseline -0.005 -27"><span class='ocrx_word' id='word_1_219' title='bbox 170 3389 204 3438; x_wconf 85' lang='grc'><strong><em>13</em></strong></span> <span class='ocrx_word' id='word_1_220' title='bbox 223 3383 279 3436; x_wconf 86' lang='grc' dir='ltr'><strong><em>τῶν</em></strong></span> <span class='ocrx_word' id='word_1_221' title='bbox 298 3383 450 3454; x_wconf 79' lang='grc' dir='ltr'><strong><em>νομέωνο.</em></strong></span> <span class='ocrx_word' id='word_1_222' title='bbox 470 3383 608 3438; x_wconf 76' lang='lat' dir='ltr'>Bficheler</span> <span class='ocrx_word' id='word_1_223' title='bbox 663 3389 768 3438; x_wconf 79' lang='lat'>14-15</span> <span class='ocrx_word' id='word_1_224' title='bbox 786 3375 1150 3465; x_wconf 79' lang='grc' dir='ltr'><strong><em>τεθυκότας-ὑπεζωσμέ-</em></strong></span> 
     </span>
    </p>

    <p class='ocr_par' dir='ltr' id='par_1_17' title="bbox 130 3449 1141 3595">
     <span class='ocr_line' id='line_1_30' title="bbox 130 3449 1141 3541; baseline -0.004 -33"><span class='ocrx_word' id='word_1_225' title='bbox 130 3474 201 3516; x_wconf 87' lang='grc' dir='ltr'><strong><em>νους</em></strong></span> <span class='ocrx_word' id='word_1_226' title='bbox 221 3470 275 3509; x_wconf 90' lang='lat' dir='ltr'><strong><em>om</em></strong></span> <span class='ocrx_word' id='word_1_227' title='bbox 285 3455 342 3524; x_wconf 78' lang='lat' dir='ltr'><strong><em>Aa,</em></strong></span> <span class='ocrx_word' id='word_1_228' title='bbox 357 3455 421 3510; x_wconf 82' lang='lat' dir='ltr'><strong>add.</strong></span> <span class='ocrx_word' id='word_1_229' title='bbox 436 3456 527 3524; x_wconf 82' lang='lat' dir='ltr'>Amg.</span> <span class='ocrx_word' id='word_1_230' title='bbox 584 3459 617 3508; x_wconf 82' lang='lat'><strong><em>19</em></strong></span> <span class='ocrx_word' id='word_1_231' title='bbox 631 3473 663 3507; x_wconf 89' lang='grc' dir='ltr'><strong><em>το</em></strong></span> <span class='ocrx_word' id='word_1_232' title='bbox 678 3449 875 3541; x_wconf 87' lang='grc' dir='ltr'><strong><em>πρωτονΒτο</em></strong></span> <span class='ocrx_word' id='word_1_233' title='bbox 890 3469 945 3508; x_wconf 87' lang='lat' dir='ltr'><strong><em>om</em></strong></span> <span class='ocrx_word' id='word_1_234' title='bbox 959 3453 985 3506; x_wconf 76' lang='lat' dir='ltr'>R</span> <span class='ocrx_word' id='word_1_235' title='bbox 1039 3445 1148 3506; x_wconf 77' lang='grc' dir='ltr'><strong><em>θθκαί</em></strong></span> 
     </span>
     <span class='ocr_line' id='line_1_31' title="bbox 131 3497 991 3595; baseline 0 -15"><span class='ocrx_word' id='word_1_236' title='bbox 131 3519 243 3587; x_wconf 80' lang='grc' dir='ltr'><strong><em>αότοὺς</em></strong></span> <span class='ocrx_word' id='word_1_237' title='bbox 263 3497 377 3594; x_wconf 73' lang='grc' dir='ltr'><strong><em>ἐγένετο</em></strong></span> <span class='ocrx_word' id='word_1_238' title='bbox 396 3543 451 3581; x_wconf 90' lang='lat' dir='ltr'><strong><em>om</em></strong></span> <span class='ocrx_word' id='word_1_239' title='bbox 470 3527 494 3580; x_wconf 95' lang='lat' dir='ltr'><strong>B</strong></span> <span class='ocrx_word' id='word_1_240' title='bbox 566 3531 600 3579; x_wconf 79' lang='lat'><strong><em>21</em></strong></span> <span class='ocrx_word' id='word_1_241' title='bbox 620 3525 676 3578; x_wconf 85' lang='grc' dir='ltr'><strong><em>τῶν</em></strong></span> <span class='ocrx_word' id='word_1_242' title='bbox 695 3521 828 3582; x_wconf 74' lang='grc' dir='ltr'><strong><em>α”λλωνα</em></strong></span> <span class='ocrx_word' id='word_1_243' title='bbox 847 3525 991 3595; x_wconf 73' lang='lat' dir='ltr'>Kiessling</span> 
     </span>
    </p>
   </div>
   <div class='ocr_carea' id='block_1_4' title="bbox 0 0 1345 3984">
    <p class='ocr_par' dir='ltr' id='par_1_18' title="bbox 0 0 1345 3984">
     <span class='ocr_line' id='line_1_32' title="bbox 0 0 1345 3984; baseline 0 0"><span class='ocrx_word' id='word_1_244' title='bbox 0 0 1345 3984; x_wconf 95' lang='lat' dir='ltr'><strong><em> </em></strong></span> 
     </span>
    </p>
   </div>
  </div>
 </body>
</html>
