2682 3982
569 222 732 278 ..3-

140 377 338 469 ἀμαρτύρου
366 379 641 468 συναλλάγματος
667 379 856 470 ἀμφίλογόν
884 409 916 452 τι
942 385 1075 468 γίνοιτο
1104 384 1156 454 ἑνὶ

137 485 223 576 πρὸς
254 489 333 574 ἕνα,Ι
367 485 387 575 ἡ
426 491 605 576 διαιροῦσα
641 486 679 557 τδ
717 501 827 569 νεῖκος
863 489 918 558 καί
955 491 1156 579 προσωτέρω

137 607 261 682 χωρεῖν
294 591 359 664 ούιι
389 597 476 666 ἐῶσα
512 594 572 676 τάς
607 600 814 682 φιλονεικίας
850 593 871 682 ἡ
903 597 1051 685 θατέρου
1086 602 1156 668 τῶν

139 703 428 791 διαδικαζομένων
452 698 564 770 αύτῶν
586 706 696 782 πίστις
717 693 776 789 ἦν,
800 705 838 770 αἰ
856 728 892 771 τε
915 701 1014 792 ἀρχαί
1036 704 1092 772 καί
1114 702 1171 773 τά,

140 807 339 898 δικαστήρια
366 806 406 878 τά
434 815 571 878 πλείστα
597 811 666 878 τῶν
694 806 1004 898 ἀμφισβητημάτων
1025 823 1096 891 τοίς
1119 813 1182 881 ἐκε

137 919 198 1003 τῆς
219 921 362 997 πίστεως
384 913 497 1004 ὅρκοις
525 913 658 1005 διῄτων.
703 919 842 986 τοιαῦτα
865 917 927 1004 μὲν
956 914 999 1004 δὴ
1023 936 1154 1005 σωφρο-
1173 921 1195 986 4
1253 990 1259 1002 ,

21 1101 24 1106 ,
139 1022 245 1110 σύυης
267 1048 303 1092 τε
325 1019 552 1110 παρακλητικὰ
574 1023 630 1090 καί
658 1025 877 1110 δικαιοσύνης
903 1020 1156 1111 ἀναγκαστήρια

138 1127 206 1199 ὑπὸ
234 1133 296 1200 τού
320 1129 422 1218 Νόμα
449 1128 523 1199 τότε
551 1130 770 1218 ἐξευρεθέντα
797 1132 1025 1218 κοσμιωτέραν
1049 1134 1157 1210 οἰκίας

137 1239 197 1323 τῆς
223 1235 383 1325 κράτιστα
411 1237 610 1326 οἰκουμένης
636 1234 698 1324 τὴν
717 1233 890 1324 Ῥωμαίων
916 1236 1017 1307 πόλιν
1044 1235 1156 1324 άπειρ

138 1342 275 1430 γάσατο.
1171 1373 1197 1414 ιο

225 1451 375 1520 LXXVI.
403 1445 445 1518 “A
467 1450 505 1520 δὲ
529 1453 638 1538 μέλλω
662 1453 728 1519 νῦν
750 1452 860 1536 λέγειν
884 1451 1021 1540 ἐπιμελῆ
1039 1477 1075 1520 τε
1097 1449 1155 1520 αύ-

138 1555 202 1644 τὴυ
226 1555 378 1628 ἀπέδωκε
405 1561 473 1626 τῶν
501 1553 695 1643 ἀναγκαίων
723 1559 871 1627 καὶτῶν
894 1555 1036 1644 ἀγαθῶν
1060 1557 1155 1644 ἐργά-

138 1690 202 1733 τιν.
250 1662 505 1752 ἐνθυμούμενος
531 1661 597 1751 γάρ
626 1660 644 1731 ὁ
669 1661 771 1751 ἀνήρ,
798 1661 850 1731 ὅτι
872 1662 973 1732 πόλιν
994 1662 1057 1750 τὴν
1080 1665 1155 1751 μέλ-

139 1778 267 1840 λουσαν
286 1768 472 1858 ἀγαπήσειν
495 1768 535 1838 τὰ
555 1773 668 1840 δίκαια
686 1771 742 1840 καί.
755 1783 870 1856 μενεῖν
885 1771 922 1838 ἐν
940 1773 986 1864 τῷ
1002 1769 1156 1860 σῶφρονι

64 1920 69 1925 -
139 1881 202 1968 βίςο
239 1879 298 1964 τῆς
333 1873 520 1967 ἀναγκαίου
557 1871 612 1945 δἐἰ
645 1882 805 1965 χορηγίας
840 1873 1015 1964 εύπορείν,
1052 1880 1195 1945 διείλετο

86 1981 209 2070 εοιτὴν
232 1981 346 2072 χῶραν
370 1981 504 2052 ἅπασαν
527 1987 576 2063 εἰς
597 1981 676 2064 τούς
697 1984 927 2072 καλουμένους
949 1984 1078 2070 πάγους
1100 1983 1156 2052 καί

141 2090 342 2177 κατέστησεν
370 2086 424 2178 ἐφ’
451 2089 592 2160 ἑκάστου
619 2093 689 2160 τῶν
715 2089 833 2176 πάγων
856 2088 1004 2180 ἀργουτα
1027 2090 1155 2157 ἐπίσκοὲ

140 2195 205 2266 πάν
232 2223 268 2268 τε
294 2198 350 2267 καί
378 2202 561 2286 περίπολον
588 2200 647 2284 τῆς
675 2199 764 2277 ἰδίας
791 2201 920 2286 μοίρας.
970 2186 1064 2264 οὗτοι
1091 2193 1196 2282 γάρ2

141 2301 328 2390 περιιόντες
349 2302 481 2391 θαμινὰ
503 2303 583 2384 τοὺς
605 2296 643 2372 εὖ
662 2330 697 2374 τε
715 2304 771 2374 καὶ
790 2307 899 2384 κακῶς
917 2303 1157 2391 εἰργασμένους

139 2414 208 2480 τῶν
237 2407 351 2500 ἀγρῶν
380 2409 614 2499 ἀπεγράφοντο
643 2411 699 2479 καί
729 2411 813 2498 πρὸς
835 2408 896 2479 τὸν
917 2410 1056 2496 βασιλέα
1079 2405 1156 2478 ἀπέ-
1170 2440 1197 2480 ιο

141 2543 284 2604 φαινον,
313 2513 394 2588 δδδ
420 2515 499 2598 τοὺς
527 2516 589 2605 μὲν
617 2504 783 2605 ἐπιμελεῖς
808 2515 980 2605 γεωργούς
1007 2517 1157 2596 ἐπαίνοις

140 2650 175 2692 τε
201 2625 259 2694 καί
289 2629 562 2712 φιλανθρωπίαις
593 2620 819 2711 ἀνελάμβανε,
851 2620 930 2704 τούς
962 2623 999 2692 δὲ
1029 2621 1157 2710 ἀργοὺς

142 2729 338 2820 [γεωργούς]
358 2729 534 2812 ὀνειδίζων
552 2731 662 2800 τεκαὶ
682 2734 805 2818 ζημιῶν
824 2730 877 2800 ἰπί
895 2728 933 2800 τὸ
952 2731 1155 2818 θεραπεύειν

141 2836 283 2924 ἀμεινον
305 2835 367 2924 τὴν
385 2840 456 2924 γῆν
479 2835 712 2926 προύτρέπετο.
752 2835 923 2927 τοιγάρτοι
942 2838 1098 2924 πολέμων
1121 2862 1156 2903 τε

125 2941 391 3031 Ιἀπηλλαγμένοι
423 2943 479 3011 καί
505 2947 574 3012 τῶν
606 2941 689 3012 κατδι
720 2943 821 3012 πόλιν
848 2941 1052 3030 πραγμάτων
1079 2961 1155 3028 σχο-
1170 2969 1197 3010 τε

141 3049 205 3138 ἰὴν
228 3048 356 3138 πολλὴν
385 3049 524 3139 ἀγοντες
552 3049 671 3140 ἀργίας
697 3076 733 3119 τε
760 3049 816 3118 καί
843 3052 999 3135 βλακείας
1021 3045 1086 3116 σύν
1109 3054 1156 3114 αἰ·
1263 3071 1266 3078 ·

213 3288 232 3338 4
249 3279 442 3353 δικαζομένων
462 3280 551 3338 Cobet
569 3282 636 3338 obs.
659 3301 687 3352 p.
706 3287 740 3337 55
814 3287 830 3336 6
849 3282 1002 3348 διητωντο·
1023 3277 1114 3332 ταῦτα
1132 3278 1155 3331 Β

143 3349 265 3424 διῄτων·Ι
282 3353 373 3408 ταῦτα
391 3352 418 3408 R
436 3369 506 3410 corr.
525 3353 669 3424 Kiessling
742 3359 774 3408 12
795 3347 917 3421 ἐργάτην
935 3349 982 3404 Ba
1054 3353 1088 3404 14
1107 3347 1155 3419 με’-

142 3445 203 3482 νειν
224 3423 246 3480 0
266 3440 334 3480 corr.
349 3423 492 3494 Kiessling
553 3431 585 3480 19
604 3421 751 3494 περιόντες
764 3423 810 3478 Bb
864 3427 899 3476 20
918 3415 1156 3490 ὑπογράφοντοΒ

144 3503 178 3550 ‘23
197 3491 339 3566 γεωργούς
357 3495 412 3550 del.
427 3495 565 3566 Meineke,
582 3494 721 3550 Bticheler
792 3500 827 3549 24
845 3487 1055 3564 προύτρέποντο
1073 3491 1120 3548 Ba
