2660 3986
606 200 772 250 ..Γ-

141 357 410 445 2στρατοαέδου
443 355 613 424 διώκουσι.
669 353 749 441 μετὰ
782 354 820 422 δὲ
851 352 910 434 τδις
936 353 1042 442 μάχας
1071 353 1250 452 ταῦταςοει

182 463 274 551 ἀγὼν
298 464 360 551 μὲν
384 465 419 532 ἐκ
441 462 654 551 παρατάξεως
678 461 790 541 οὐδεὶς
817 458 931 542 αὐτοῖς
959 465 1007 530 ἐτι
1033 459 1118 550 πρὸς
1140 459 1197 528 άλ-

182 571 306 658 λήλους
338 571 499 656 συνέστη,
525 569 733 658 καταδρομαὶ
766 568 803 636 δὲ
835 573 894 656 τῆς
926 565 1055 656 ὁμόρου
1087 566 1198 656 χώρας

182 675 239 745 ὑπ’
265 675 466 764 ἀμφοτέρων
490 678 642 762 ἐγίνοντο
667 688 817 762 συνεχεῖς
839 675 895 742 καὶ
919 674 1105 761 συμπλοκαὶ
1126 677 1197 740 των

156 783 375 872 επεριπόλων
397 787 455 870 τῆς
478 787 539 870 γῆς
562 785 689 851 ίππέων
712 783 822 851 τεκαὶ
844 785 965 867 φιλοῦν,
988 783 1026 848 ἐν
1050 775 1103 860 αῖς
1126 783 1198 849 ἐπε-

183 889 331 978 κράτουν
368 887 413 970 ὡς
444 887 485 960 τὰ
515 886 623 958 πολλὰ
649 887 807 976 Ῥωμαῖοι
845 887 992 974 δύναμιν
1023 885 1197 975 ῦπαιδρον

184 1002 316 1084 ἔχοντες
343 999 381 1065 ἐν
407 1011 478 1076 τοῖς
506 998 690 1084 ἐπικαίροις
716 999 894 1084 φρουρίοις
920 993 1198 1081 ὑποκαθημένην,

144 1115 164 1179 3
183 1095 223 1192 ἧς
246 1101 263 1172 ὁ
292 1101 466 1192 Τυρρηνὸς
493 1101 679 1190 Ταρκύνιος
700 1099 822 1189 ἡγεῖτο.
867 1099 1057 1188 ἀπέστησαν
1082 1101 1119 1168 δὲ
1142 1101 1198 1168 καὶ

187 1214 368 1296 Φιδηναῖοι
386 1207 559 1294 Ῥωμαίων
587 1205 670 1276 κατὰ
697 1206 776 1288 τοῦς
808 1205 931 1288 αὐτοὺς
962 1207 1107 1295 χρόνους
1136 1204 1198 1276 οῦκ

145 1345 171 1384 ιο
185 1319 220 1386 ἐκ
242 1319 304 1384 τοῦ
327 1318 479 1404 φανεροῦ
500 1311 560 1383 τὸν
579 1313 728 1402 πόλεμον
751 1311 995 1400 ἀναδείξαντες,
1015 1311 1099 1382 ἀλλδι
1122 1311 1195 1382 κατ’

185 1421 321 1508 ὀλίγους
351 1423 407 1490 καὶ
438 1423 552 1509 κρόφα
584 1421 647 1508 τὴν
679 1421 793 1510 χώραν
825 1419 937 1490 αὐτῶν
973 1427 1199 1510 καταδρομαῖς

184 1532 464 1616 κακουργοῦντες·
496 1525 550 1618 ἐφ’
577 1523 637 1608 οῦς
665 1525 682 1596 ὁ
712 1527 868 1615 Μάρκιος
897 1525 1031 1620 εόζεόνφ
1060 1533 1199 1620 στρατιᾷ

185 1634 320 1721 ἐλάσας,
352 1635 432 1724 πρὶν
465 1629 485 1720 ἢ
519 1633 840 1721 παρασκευάσασθαι
876 1633 955 1715 τοῦς
990 1639 1200 1722 Φιδηναίους

184 1741 224 1812 τὰ
248 1740 332 1830 πρὸς
353 1740 414 1811 τὸν
438 1740 601 1828 πόλεμον,
629 1738 727 1826 ἐγγὺς
753 1745 813 1827 τῆς
834 1739 962 1821 πόλεως
983 1747 1114 1809 τίθεται
1136 1740 1198 1810 τὸν

185 1845 322 1936 χάρακα.
373 1850 407 1916 οί
435 1846 473 1914 δὲ
499 1844 571 1914 κατ’
601 1843 703 1934 ἀρχάς
735 1845 797 1933 μὲν
830 1844 968 1934 ἀγνοεῖν
996 1847 1198 1936 ἐσκήπτοντο

185 1951 261 2022 ἀντὶ
284 1961 391 2022 ποίων
415 1951 630 2040 ἀδικημάτων
650 1952 789 2041 στρατὸς
812 1949 862 2021 ἐπ’
884 1951 1007 2033 αότοῦς
1023 1951 1200 2041 Ῥωμαίων

186 2058 340 2148 ἀφῖκται,
371 2063 433 2128 τοῦ
467 2059 504 2126 δὲ
536 2061 699 2146 βασιλέως
731 2059 883 2139 εἰπόντος
915 2058 967 2128 ὅτι
995 2064 1089 2142 δίκας
1115 2059 1196 2148 παρ’

186 2165 299 2236 αῦτῦν
321 2165 395 2253 ἥκει
417 2164 609 2253 ληψόμενος
632 2157 680 2235 ιδν
700 2165 891 2254 διήρπασάν
912 2168 1021 2235 τεκαὶ
1042 2168 1200 2253 κατέβλα-

186 2287 256 2355 ψαν
279 2270 383 2342 αὐτοῦ
406 2271 468 2360 την
492 2276 572 2360 γῆν,
599 2269 827 2358 ἀπελογοῦντο
850 2287 935 2361 προς
957 2277 1060 2342 ταῦτα
1084 2270 1129 2353 ὡς
1153 2271 1257 2342 οῦοκε

146 2378 224 2450 εοτδ
257 2377 374 2448 κοινὸν
405 2389 514 2448 αίτιον
546 2389 598 2466 εἴη
630 2383 698 2448 νῦν
731 2377 961 2467 ἀδικημάτων,
988 2381 1044 2448 καὶ
1073 2379 1201 2468 χρόνον

186 2485 329 2574 ᾐτοῦντο
362 2490 410 2566 είς
443 2485 628 2572 διάγνωσίν
660 2512 695 2554 τε
726 2487 783 2554 καὶ
813 2485 947 2573 ζήτησιν
975 2490 1043 2554 τῶν
1071 2486 1201 2574 ἐνόχων

186 2606 259 2672 ταῖς
282 2597 403 2671 αίτίαις
430 2593 486 2660 καὶ
513 2591 638 2672 πολλάς
664 2594 866 2682 κατέτριψαν
889 2592 1015 2681 ἡμέρας
1037 2591 1201 2682 πράττον-

186 2723 239 2778 τες
262 2697 324 2786 μὲν
348 2696 450 2767 οῦδὲν
473 2701 542 2768 τῦν
561 2698 722 2785 δεόντων,
747 2698 1003 2786 ἐπικαλούμενοι
1027 2699 1065 2768 δέ
1086 2699 1202 2787 κρύφα
1317 2699 1318 2732 ss

185 2803 265 2885 τοῦς
281 2805 476 2893 συμμάχους
491 2805 547 2873 καὶ
563 2806 639 2892 περὶ
657 2803 864 2893 κατασκευὴν
884 2803 998 2876 ὅπλων
1016 2805 1201 2894 γινόμενοι.

148 2935 174 2977 ιε
277 2913 409 2980 ΧΧΧΧ.
434 2910 572 2981 Μαδοδν
597 2912 634 2981 δὲ
656 2910 718 3000 την
743 2912 899 2982 διάνοιαν
924 2911 1035 2982 αῦτῦν
1060 2911 1078 2981 δ
1105 2913 1202 3003 Μάρ-

186 3046 259 3107 κιος
286 3017 482 3107 ὑπονόμους
512 3017 658 3108 ὤρυττεν
689 3017 753 3088 ἀπὸ
783 3023 842 3106 τῆς
872 3023 961 3101 ίδίας
989 3023 1202 3108 παρεμβολῆς

187 3124 371 3215 ἀρξάμενος
393 3123 459 3196 ὑπὸ
482 3125 523 3196 τδι
546 3132 635 3214 τείχη
653 3130 712 3214 τῆς
729 3125 868 3212 πόλεως,
891 3127 947 3194 καὶ
970 3125 1083 3214 ἐπειδὴ
1107 3129 1203 3207 τέλος

187 3231 275 3320 εἶχεν
298 3232 364 3320 ἤδη
386 3231 425 3302 τὸ
450 3239 560 3322 ἔργον,
584 3221 773 3320 ἀναστήσας
790 3233 852 3301 τὸν
876 3231 1018 3320 στρατὸν
1041 3227 1124 3322 ἦγεν
1148 3235 1202 3303 ἐπὶ

145 1823 167 1886 4

145 1909 171 1952 15

259 3388 393 3450 4ῦπὸΒ
466 3389 694 3464 θῦπαιθρονΙῖ
721 3388 925 3464 ῦπαίδριονΒ
998 3400 1032 3450 28
1050 3390 1101 3449 τὸν
1121 3412 1202 3465 στρα-
1317 3403 1318 3438 1

187 3459 237 3519 τὸν
255 3466 278 3519 Β
297 3461 349 3535 τὴν
368 3461 544 3537 στρατιάνΒ
1317 3465 1318 3516 3
