2670 3984
591 228 754 282 -B-
1115 225 1177 292 177

274 389 378 457 XVII.
407 385 454 456 Τά
474 385 511 455 δέ
529 383 704 472 Ἑλλήνων
719 389 783 473 ἔθη
798 383 887 474 παρά
901 387 1005 456 ταῦτα
1020 385 1179 470 ἐξετάζων

161 492 225 562 ούκ
248 497 313 581 ἔχω
335 497 405 574 πῶς
433 493 598 564 ἐπαινέσω
625 490 666 560 τά
693 518 728 562 τε
752 495 1032 600 Λακεδαιμονίων
1059 491 1180 562 καὶτὰ

160 605 231 670 τάν
255 604 414 688 θηβαίων
437 600 493 668 καὶ
518 603 587 668 τῦν
613 600 771 686 μέγιστον
798 599 851 668 ἐπὶ
877 603 981 691 σοφία
1007 598 1178 688 φρονούν-

159 734 230 777 των
251 704 456 794 Ἀθηναίων,
480 711 516 775 οδ
535 703 762 793 φυλάττοντες
779 703 818 774 τὸ
835 703 969 792 εόγενές
986 707 1042 775 καὶ
1057 708 1179 796 μηδενὶ

162 811 399 900 μεταδιδόντες
431 817 462 882 εί
493 811 538 900 μὴ
571 817 726 892 σπανίοις
757 815 816 900 τῆς
847 811 925 897 παρ’
957 812 1088 894 ἑαυτοῖς
1118 837 1177 882 πο-
1205 830 1218 872 ⁶

162 925 285 999 λιτείας
313 919 371 1008 (ἑά
399 917 463 1006 γάρ
491 921 602 1006 λέγειν
631 916 685 988 ὅτι
712 919 768 986 καὶ
797 919 1056 1006 ξενηλατοῦντες
1078 920 1180 1010 ἐνιοι)

65 1051 68 1056 ·
161 1025 245 1112 πρὸς
272 1029 319 1118 τῷ
342 1025 454 1114 μηδέν
481 1023 672 1094 ἀπολαῦσαι
699 1023 821 1112 ταύτης
848 1029 907 1112 τῆς
933 1030 1179 1113 μεγαληγορίας

162 1131 296 1220 άγαθὸν
319 1133 375 1200 καὶ
398 1131 437 1201 τά
461 1135 599 1220 μέγιστα
624 1129 669 1199 δι’
695 1129 802 1218 αὐτὴν
825 1131 1026 1220 ἐβλάβησαν.
1063 1138 1175 1220 Σπαρ·
1196 1133 1218 1198 2

160 1244 271 1308 τιάται
294 1241 356 1327 μέν
379 1265 417 1327 γε
438 1243 638 1318 πταίσαντες
665 1236 752 1326 μάχη
780 1241 821 1326 τῇ
848 1239 924 1326 περί
948 1242 1116 1328 Λεῦκτρα,
1139 1241 1178 1308 ἐν

162 1337 183 1436 ᾖ
211 1350 341 1434 χιλίους
366 1345 421 1414 καὶ
450 1345 667 1424 ἑπτακοσίους
693 1342 823 1431 ἄνδρας
852 1343 1038 1433 ἀπέβαλον,
1067 1344 1179 1416 ούκέτι
1193 1371 1219 1412 ιο

113 1459 121 1472 ”
160 1450 223 1539 τὴν
246 1451 348 1522 πόλιν
371 1451 597 1540 ἠδυνήθησαν
621 1453 657 1521 ἐκ
678 1455 738 1538 τῆς
761 1457 939 1542 συμφορᾶς
956 1453 1079 1540 ταύτης
1096 1449 1178 1521 άνα-

73 1645 76 1650 .
162 1564 295 1645 λαβεῖν,
322 1557 396 1627 ἀλλ’
422 1557 612 1646 άπέστησαν
640 1561 699 1645 τῆς
726 1556 908 1646 ἡγεμονίας
935 1557 1000 1628 σῦν
1023 1558 1178 1650 αίσχύνη.

162 1671 305 1752 Θηβαῖοι
326 1665 365 1734 δέ
384 1665 439 1732 καὶ
451 1664 628 1752 Ἀθηναῖοι
647 1666 681 1746 ἐξ
701 1664 777 1746 ἐνὸς
794 1669 857 1734 τοῦ
874 1667 950 1754 περὶ
965 1665 1179 1753 Χαιρώνειαν

161 1769 371 1858 ἀτυχήματος
393 1768 461 1858 άμα
483 1769 546 1857 τήν
568 1796 604 1838 τε
626 1775 836 1857 προστασίαν
863 1782 922 1859 τῆς
939 1769 1101 1853 Ἑλλάδος
1122 1773 1179 1841 καὶ

161 1876 223 1964 τὴν
247 1880 446 1966 ἐλευθερίαν
469 1875 531 1964 τὴν
558 1875 700 1964 πάτριον
723 1874 790 1947 ὑπὸ
809 1877 1024 1946 Μακεδόνων
1052 1876 1177 1966 άφηρέ-
1192 1899 1219 1940 1⁵

106 1993 290 2070 εῖ1θησαυ.
330 1981 351 2070 ἡ
372 1982 409 2052 δέ
423 1981 596 2071 Ῥωμαίων
614 1981 712 2064 πόλις
730 1985 768 2052 ἐν
784 1981 911 2074 Ἰβηρίᾳ
928 2009 964 2052 τε
981 1985 1038 2052 καὶ
1054 1982 1178 2075 Ἰταλία
1196 1989 1217 2054 3

161 2091 329 2176 πολέμους
361 2094 483 2176 ἔχουσα
516 2087 681 2176 μεγάλους
717 2095 878 2158 Σικελίαν
909 2116 945 2158 τε
976 2087 1178 2176 ἀφεστῶσαν

161 2195 380 2283 ἀνακτωμένη
403 2196 459 2264 καὶ
477 2194 641 2283 Σαρδόνα
664 2196 811 2265 καὶτῶν
835 2199 873 2265 ἐν
898 2199 1099 2287 Μακεδονία
1121 2195 1178 2264 καὶ

161 2301 243 2372 κατά
266 2301 492 2390 τὴνἙλλάδα
519 2300 723 2389 πραγμάτων
747 2303 1071 2388 ἐκπεπολεμωμένων
1094 2301 1179 2392 πρὸς

161 2408 268 2497 αὐτὴν
291 2411 347 2478 καὶ
366 2409 590 2497 Καρχηδόνος
608 2409 661 2477 ἐπὶ
683 2407 746 2494 τὴν
769 2404 955 2495 ἡγεμονίαν
977 2406 1080 2477 πάλιν
1103 2407 1177 2477 άνι-
1191 2431 1219 2472 ιο

162 2518 328 2604 σταμένης
345 2518 401 2584 καὶ
423 2519 482 2602 τῆς
493 2513 634 2595 Ἰταλίας
650 2512 691 2584 οῦ
711 2514 820 2602 μόνον
843 2511 1040 2602 άφεστάσης
1058 2512 1178 2602 ὀλίγον

162 2627 236 2691 δεῖν
259 2622 382 2710 πάσης,
412 2619 496 2690 άλλά
518 2622 574 2688 καὶ
598 2619 854 2708 συνεπαγούσης
879 2618 940 2690 τὸν
961 2618 1177 2707 Ἀννιβιακὸν

160 2731 330 2816 κληθέντα
374 2728 538 2815 πόλεμον,
582 2728 757 2808 τοσούτοις
793 2725 969 2817 περιπετὴς
1011 2731 1177 2816 γενομένη

159 2835 336 2915 κινδύνοις
357 2832 439 2902 κατά
462 2835 523 2904 τὸν
543 2832 647 2904 αὐτὸν
670 2833 798 2922 χρόνον
823 2832 884 2921 οὐχ
908 2832 998 2914 ὅπως
1021 2837 1177 2921 ἐκακώθη

162 2941 220 3010 διά
246 2940 305 3022 τάς
333 2939 409 3011 τότε
435 2939 551 3027 τύχας,
579 2938 663 3009 ἀλλὰ
694 2941 751 3009 καὶ
777 2942 987 3027 προσέλαβεν
1017 2939 1115 3027 ίσχῦν
1143 2941 1177 3022 ἐξ
1192 2967 1218 3010 ει

161 3047 274 3119 αύτῦν
298 3053 346 3118 ἔτι
369 3052 504 3136 μείζονα
526 3051 585 3134 τῆς
606 3048 770 3137 προτέρας
791 3051 837 3141 τῷ
856 3045 980 3134 πλήθει
998 3049 1060 3116 τοῦ
1079 3064 1177 3134 στρα·

233 3287 249 3334 2
270 3276 419 3335 ἐπαινέται
438 3280 483 3349 ΑΙ
499 3279 549 3334 καλ
566 3277 622 3334 τῦν
638 3278 670 3333 Θ.
685 3278 708 3332 Β
780 3283 801 3338 9,
816 3275 869 3348 μέν
887 3295 919 3345 γε
938 3275 989 3350 μιᾷ
1008 3277 1177 3340 πταίσαντες

162 3370 185 3406 ο.
205 3351 295 3406 Οοδεῖ
313 3351 378 3406 Oba.
414 3356 469 3405 .48
527 3356 560 3406 16
580 3347 621 3412 είς
639 3347 754 3420 ίβηρίαν
771 3367 802 3404 τε
821 3347 870 3404 καλ
889 3346 1037 3402 ίταλίανΒ
1094 3354 1126 3403 17
1145 3367 1176 3403 π.

161 3423 326 3493 πολεμοῦσα
352 3439 375 3479 ο.
422 3437 503 3491 εγεοτ
529 3421 601 3476 Ann.
620 3419 691 3492 phil.
716 3426 784 3476 1861
813 3437 841 3490 p.
865 3424 881 3474 9
911 3415 1014 3487 ἔχοντα
1042 3423 1177 3490 πολεμεῖν

162 3511 185 3549 c.
205 3492 310 3549 Reiske
384 3499 416 3547 19
436 3487 506 3562 πρὸς
525 3487 632 3555 αύτούς
654 3492 707 3546 ΑΒ

215 3601 315 3666 Βτοπιε.
329 3601 395 3642 En.
407 3599 427 3642 1.
440 3609 480 3642 το.
493 3601 597 3642 διοοκῑ.
798 3603 812 3632 ⁴
982 3582 1014 3631 12
