2682 3982
550 201 716 254 -Γ..

121 356 334 445 ἠξιωμένων,
371 354 507 427 ἀπιέναι
547 355 626 439 τοὺς
657 354 843 445 Ῥωμαίους
884 361 1057 430 ἐκέλευσεν
1095 389 1140 442 ως

122 463 398 553 παραβεβηκότας
418 463 477 546 τὰς
495 461 676 552 ὁμολογίας
694 465 750 532 καί
768 478 927 554 προεῖπεν
947 463 1062 548 αὐτοίς
1078 465 1139 536 τὸν

122 570 281 660 πόλεμον.
326 569 617 659 ἀπαλλαττόμενος
650 570 688 640 δέ
721 569 740 640 δ
768 575 827 660 τῆς
857 577 1035 660 πρεσβείας
1064 569 1140 662 ἠγε-

123 675 197 766 μάν
229 675 320 746 τοῦτ’
350 674 494 764 ἠξίωσεν
529 674 675 746 ἀκοῦσαι
706 674 785 766 παρ’
815 675 921 748 αὐτοῦ
953 677 1078 766 μόνον,
1111 684 1142 748 εἰ

122 789 346 873 παραβαίνειν
377 782 436 864 τάς
474 767 623 865 σπονδάς
656 779 816 870 ὁμολογεῖ
848 782 927 865 τοὺς
958 785 1167 874 προτέρουςε

124 891 325 978 αἰτηθέντας
348 894 443 972 δίκας
464 892 520 960 καὶ
543 890 650 979 μηδὲν
672 887 921 979 ὑπομείναντας
938 905 1050 961 ποιεῖν
1071 895 1140 960 τῶν

66 993 243 1067 ειεὸσίων.
286 993 557 1086 ὁμολογήσαντος
581 996 619 1066 δέ
640 999 703 1066 τοῦ
725 1001 891 1066 Κλοιλίου
913 996 1140 1088 Μαρτάρομαι
1159 985 1180 1052 5

105 1109 253 1192 τοίνυν,
277 1108 352 1193 ἔφη,
373 1102 455 1184 τοὺς
475 1103 590 1191 θεούς,
615 1101 674 1184 οὓς
698 1089 929 1194 ἐποιησάμεθα
949 1108 1018 1175 τῶν
1038 1124 1140 1174 σπον-

125 1213 196 1278 δῶν
219 1209 400 1300 μάρτυρας,
420 1207 472 1278 ότι
490 1205 666 1298 Ῥωμαίοις
689 1208 731 1279 οό
748 1215 888 1299 τυχοῦσι
910 1215 979 1282 τῶν
999 1215 1140 1280 δικαίων

123 1318 299 1405 προτέροις
327 1313 420 1398 ὅσιος
447 1313 465 1385 ὁ
493 1314 577 1386 κατά
603 1320 673 1386 τῶν
700 1316 926 1408 παραβάντων
952 1315 1011 1399 τάς
1039 1338 1140 1388 σπον-
1155 1341 1181 1380 10

110 1411 186 1502 ⁴&dag
208 1421 353 1510 πόλεμος
376 1427 478 1509 ἔσται,
498 1426 534 1491 οἰ
555 1423 593 1492 δὲ
610 1423 813 1512 πεφευγότες
830 1427 929 1494 τοῦτο
948 1421 987 1493 τὸ
1007 1427 1141 1494 δίκαιον

124 1527 220 1616 ὑμεῖς
242 1531 326 1616 ἐστε,
350 1526 396 1610 ὡς
418 1527 503 1598 αι’πά
525 1526 567 1598 τά
590 1534 670 1617 ἔργα
694 1532 800 1616 δηλοῖ.
841 1529 1003 1620 πρότεροί
1022 1556 1058 1600 τε
1075 1529 1140 1618 γάρ

125 1636 320 1722 αἰτηθέντες
342 1633 380 1704 τὸ
405 1637 538 1704 δίκαιον
562 1632 624 1724 οὐχ
645 1633 803 1723 ὑπέσχετε
820 1636 877 1704 καὶ
894 1635 1060 1724 πρότερον
1079 1637 1140 1706 τὸν

123 1741 272 1830 πόλεμον
300 1739 382 1830 ἡμίν
410 1741 637 1832 προειρήκατε.
686 1741 857 1831 τοιγάρτοι
886 1739 966 1822 τοὺς
991 1740 1141 1830 ἀμυνου-

125 1851 249 1936 μένους
275 1846 362 1937 ὑμᾶς
388 1851 618 1938 προσδέχεσθε
646 1847 727 1937 μετὰ
753 1852 823 1918 τόν
855 1846 969 1918 ὅπλων
1003 1847 1066 1918 οὐκ
1094 1853 1141 1931 εἰς
1156 1880 1181 1922 ιε

125 1954 267 2044 μακράν.
314 1959 419 2026 ταῦτα
451 1954 541 2046 παρά
573 1959 642 2025 τῶν
675 1959 891 2046 πρεσβευτῶν
923 1953 1181 2044 ἀφικομένωνό

126 2065 173 2140 εἰς
191 2057 322 2150 Ῥοόμην
349 2060 497 2144 ἀκούσας
528 2060 547 2131 ὁ
580 2061 723 2150 Τάλλος,
752 2061 827 2131 τότε
855 2059 935 2142 τοὺς
959 2060 1142 2149 Ἀλβανοὺς

124 2166 308 2256 προσάγειν
328 2169 479 2238 ἐκέλευσε
497 2169 554 2238 καὶ
572 2170 648 2257 περὶ
671 2163 721 2238 ὧν
738 2167 859 2256 ἠκουσι
878 2172 997 2256 λέγειν.
1038 2167 1142 2258 ἀπαγ-

125 2273 311 2361 γειλάντων
340 2271 372 2341 δ’
398 2274 510 2345 αὐτῶν
540 2273 604 2344 ὅσα
630 2275 833 2363 προσέταξεν
861 2271 880 2344 ό
904 2279 1064 2356 Κλοίλιος
1085 2275 1142 2343 καλ

125 2378 186 2450 τὸν
209 2379 357 2468 πόλεμον
380 2380 610 2451 ἀπειλούντων
634 2387 666 2450 εἰ
687 2380 732 2469 μή
755 2380 927 2464 τεύξονται
954 2385 1013 2470 τῆς
1036 2384 1140 2469 δίκης,
1155 2404 1182 2446 κο

123 2484 207 2573 Ἐγὼ
230 2486 391 2577 πρότερος
413 2487 526 2578 ὑμῶν,
550 2495 630 2577 ἔφη,
652 2491 753 2557 τοῦτο
775 2491 938 2574 πεποίηκα
955 2488 1011 2556 καὶ
1034 2487 1141 2576 μηδὲν

126 2591 311 2682 εὑρόμενος
333 2585 382 2663 ὧν
406 2597 561 2664 ἐκέλευον
589 2598 627 2663 αἰ
648 2598 820 2684 συνθῆκαι
866 2647 1142 2664 ......

127 2705 323 2788 [φαίνονται
346 2699 424 2790 παρ’
450 2699 547 2790 ὑμῶν
576 2703 750 2792 προτέρων
779 2692 877 2771 αὗται
904 2701 1084 2789 λελυμέναι
1106 2728 1142 2770 τε

126 2809 183 2876 καί
210 2806 356 2896 μηδενὸς
382 2808 488 2895 λόγου
516 2807 711 2896 ἠξιωμέναι·
744 2806 829 2878 ὅθεν
863 2806 918 2895 δή]
952 2805 1013 2876 τὸν
1040 2806 1142 2894 ἀναγ-

72 2913 230 2991 413καῖόν
253 2941 288 2984 τε
310 2914 366 2984 καὶ
381 2917 523 2984 ,δίκαιον
543 2913 719 3002 Ἀλβανοίς
740 2915 958 3004 παραγγέλλω
984 2913 1141 3001 πόλεμον.
1156 2932 1182 2974 25

216 3023 289 3090 IIII.
325 3019 422 3090 Μετά
446 3020 484 3089 δέ
505 3019 565 3101 τὰς
586 3020 773 3111 προφάσεις
794 3019 918 3099 ταύτας
938 3019 1142 3107 παρεσκευά-

201 3258 215 3306 1
234 3251 301 3314 τούς
319 3250 452 3323 βωμάίων
472 3251 494 3308 0
515 3267 584 3308 corr.
600 3251 722 3322 Sylburg
795 3255 829 3305 10
847 3247 995 3320 προτέροις
1013 3246 1142 3304 αἰτοῦσιν

128 3342 150 3380 ο.
170 3322 308 3378 ΒδολιεΙετ
364 3328 397 3377 14
415 3319 612 3396 ἀμυνομένους
629 3323 682 3377 ΑΒ
741 3327 775 3377 22
794 3322 873 3377 uncis
891 3319 1001 3376 inclusa
1024 3335 1078 3375 om.
1094 3319 1142 3376 AB

128 3411 192 3450 oum
215 3394 307 3464 spatio
330 3394 517 3465 hemiversus‚
541 3395 594 3450 def.
618 3394 707 3451 Cobet
730 3392 795 3449 Oba.
819 3411 846 3464 p.
867 3397 901 3448 56
979 3396 1014 3446 25
1033 3407 1142 3462 παραγ-

127 3464 213 3534 γέλλω
232 3465 255 3520 Β
273 3461 434 3536 ἀναγγέλλει
453 3468 479 3521 Α

180 3573 280 3616 mom.
295 3574 360 3616 Ηεο.
373 3574 392 3616 1.
411 3583 450 3616 ια.
463 3575 566 3618 σεοοοῐ.
949 3557 982 3608 18
