2660 3986
551 219 716 270 -Γ-
1074 215 1138 282 317

125 385 237 468 μαίοις
263 376 501 465 ὑπετάχθημεν
530 377 591 458 ἕως
617 379 714 464 τῆςδε
740 380 799 464 τῆς
825 374 950 466 ἡμέρας
979 376 1141 464 αἰσχύνης

125 484 247 576 μεστὸν
270 485 326 553 καὶ
350 482 477 572 ὀδύνης
499 488 585 572 έχων
607 482 669 552 τὸν
699 489 777 570 βίον
801 485 1008 554 διατετέλεκα
1029 489 1139 554 καίτοι

124 597 278 682 τιμηθείς
300 617 338 677 με
360 588 426 660 ὑπὸ
449 593 511 660 τοῦ
533 592 697 678 βασιλέως
720 589 832 659 αὐτῶν
854 596 895 681 τῇ
918 589 1140 680 αὐτοκράτορι

124 698 221 789 ἀρχῇ,
244 695 288 786 ἣν
306 701 421 784 τρίτον
440 701 513 778 ἔτος
535 696 601 785 ἤδη
619 701 719 767 τοῦτο
743 703 806 785 ἔχω
825 699 882 766 καὶ
904 703 937 766 εί
952 703 1140 786 βουλοίμην

125 809 221 896 μέχρι
243 803 369 885 παντὸς
392 805 462 886 ἔξω.
504 799 589 872 ἀλλά
606 804 743 874 πόντων
765 802 953 892 ἡγούμενος
973 801 1061 874 εἶναι
1083 831 1140 874 κα-
1154 826 1168 868 ε
1183 789 1201 805 ’

125 917 196 982 κῶν
221 918 360 1001 ἔσχατον
384 913 421 980 έν
446 908 507 979 οάκ
526 908 704 998 εὐτυχοῦσι
726 923 796 992 τοῖς
815 925 943 992 κοινοῖς
965 911 1072 1000 μόνος
1089 911 1141 981 εό-

125 1033 255 1108 τυχεῖν,
279 1016 535 1106 ἐνθυμούμενος
559 1017 597 1087 δέ
627 1016 686 1088 ότι
701 1015 791 1108 παρὰ
812 1017 922 1087 πάντα
944 1016 984 1087 τά
1007 1045 1141 1106 νενομι-

127 1127 232 1215 σμένα
254 1123 332 1215 παρ’
349 1121 544 1213 ἀνθρώποις
563 1122 641 1193 ὅσια
662 1123 725 1212 τὴν
743 1123 927 1214 ἡγεμονίαν
950 1123 1006 1194 ὑπ’
1029 1123 1141 1194 αὐτῶν

127 1231 365 1323 ἀφῃρέθημεν,
393 1229 560 1300 ἐσκόπουν
593 1229 683 1311 ὅπως
714 1226 758 1299 ἀν
785 1230 892 1319 αὐτὴν
924 1229 1142 1321 ἀνακομισαί-

126 1349 215 1428 μεθα
238 1341 401 1427 μηδεμιᾶς
423 1339 641 1426 πειραθέντες
667 1337 812 1426 μεγάλης
841 1350 1031 1428 συμφορᾶς·
1063 1347 1142 1410 πολ·
1157 1359 1183 1398 1⁰

126 1446 207 1526 λοὺς
235 1445 273 1514 δέ
298 1445 355 1513 καὶ
381 1443 621 1524 παντοδαποὺς,
645 1443 828 1532 λογισμοὺς
854 1448 1038 1533 λαμβάνων
1061 1453 1142 1534 μίαν

71 1550 289 1642 εῖσεῦρισκον
313 1550 396 1622 ὁδὸν
425 1551 578 1638 ἄγουσαν
606 1552 659 1620 ἐπὶ
685 1549 727 1622 τὰ
753 1551 930 1640 πράχματα
958 1553 1084 1643 ῥᾴστην
1107 1581 1143 1623 τε

127 1661 183 1730 καὶ
211 1657 494 1747 ἀκινδυνοτάτην,
522 1667 557 1728 εί
583 1685 634 1738 τις
665 1655 780 1738 αὐτοῖς
807 1657 970 1747 ἀνασταίη
999 1659 1143 1747 πόλεμος

127 1770 164 1837 ἐκ
190 1771 258 1836 τῶν
285 1766 529 1855 πλησιοχώρων
556 1765 697 1835 πόλεων.
748 1771 796 1846 είς
824 1767 889 1854 γὰρ
916 1770 1037 1836 τοῦτον
1065 1765 1182 1836 ὑπο-8

126 1874 302 1962 λάμβανον
340 1871 462 1954 αὐτοὺς
501 1875 772 1960 καθισταμένους
807 1872 992 1961 συμμάχων
1030 1873 1183 1962 deviae-1⁶

128 1991 212 2050 σθαι
241 1982 298 2050 καὶ
326 1979 469 2070 πριόνων
501 2007 539 2066 χε
569 1977 674 2068 ἡμῶν.
719 1978 757 2048 τὸ
787 1977 829 2067 δὴ
862 1977 943 2067 μετὰ
974 1984 1073 2050 τοῦτο
1103 1979 1143 2050 οά

128 2091 254 2174 πολλῆς
276 2084 516 2175 ὑπελάμβανον
543 2083 627 2174 ὑμῖν
654 2089 794 2173 διδαχῆς
817 2085 967 2174 δεήσειν,
991 2085 1043 2156 ὅτι
1064 2087 1143 2156 κάλ-

127 2193 204 2264 λιόν
227 2221 262 2263 τε
289 2194 346 2262 καὶ
375 2192 587 2281 δικαιότερον
613 2194 770 2282 περὶτῆς
796 2190 893 2280 ἡμῶν
917 2191 1029 2263 αὐτῶν
1053 2197 1144 2263 έλευ-

127 2307 246 2389 θερίας
269 2304 397 2387 μᾶλλον
420 2295 441 2386 ἢ
465 2299 541 2388 περὶ
564 2304 623 2387 τῆς
640 2298 814 2388 Ῥωμαίων
841 2298 1022 2389 ἡγεμονίας
1048 2300 1143 2388 ποιή-

128 2417 254 2477 σασθαι
286 2405 348 2475 τὸν
380 2403 505 2492 ἀγῶνα.
563 2409 669 2474 ταῦτα
701 2408 898 2494 διανοηθεὶς
929 2405 1144 2496 ὑπενόμενσα
1158 2460 1184 2500 ,0

122 2511 298 2602 Ῥωμαίοις
320 2511 468 2599 πόλεμον
499 2513 535 2580 έκ
561 2516 630 2581 τῶν
653 2509 813 2599 ὑπηκόων
838 2512 1065 2596 Οὐιεντανοὺς
1087 2517 1143 2584 καὶ

131 2623 340 2708 Φιδηναίους
361 2624 477 2700 πείσας
505 2620 558 2688 ἐπὶ
580 2617 621 2688 τά
645 2617 731 2688 ὅπλα
749 2634 882 2709 χωρεῖν,
907 2619 951 2702 ὡς
974 2623 1143 2710 συλληψό-

129 2753 229 2815 μενος
252 2725 366 2806 αάτοῖς
388 2729 449 2795 τοῦ
472 2728 631 2814 πολέμου.
671 2727 727 2796 καὶ
750 2729 845 2817 μέχρι
869 2728 992 2798 τούτου
1014 2731 1143 2817 λέληθα

123 2829 308 2920 Ῥωμαίους
338 2835 443 2901 ταῦτα
474 2832 629 2920 πράττοιν
658 2835 715 2902 καὶ
744 2835 985 2923 ταμιευόμενος
1012 2840 1143 2929 ἐμαυτῷ

128 2937 189 3008 τὸν
211 2943 271 3027 της
293 2941 476 3020 ἐπιθέσεως
498 2940 632 3030 καιρόν·
665 2942 702 3009 έν
726 2932 753 3033 ᾦ
777 2943 948 3023 σκέψασθε
972 2941 1035 3011 ὅσα
1058 2941 1144 3030 ἀφε-
1158 2972 1185 3014 τε

128 3046 361 3134 ληθησόμεθα.
406 3051 539 3135 πρῶτον
561 3046 623 3134 μὲν
643 3045 704 3116 οὐκ
727 3048 765 3115 έν
783 3053 920 3141 φανερῷ
939 3047 1144 3135 βουλεύσαν-
1156 3046 1198 3111 10

200 3284 267 3347 3χε
287 3278 424 3333 Bticheler
446 3297 476 3334 τε
495 3279 549 3334 ΑΒ
625 3283 643 3333 4
665 3278 750 3334 τοῦτο
773 3295 828 3335 om.
851 3279 897 3334 Ba
969 3285 985 3334 9
1007 3275 1144 3352 ἀνακομι-

129 3345 249 3420 σόμεθα
273 3349 295 3404 0
325 3350 445 3406 correxit
471 3349 613 3420 Kiessling
706 3355 740 3405 12
769 3344 901 3420 εὕρισκον
928 3350 1006 3406 ABb
1033 3352 1144 3420 Reiske‚

93 3470 102 3487 ,
130 3416 268 3491 εὑρίσκων
286 3421 332 3476 Ba
397 3429 430 3477 16
449 3416 480 3476 τὸ
501 3419 533 3478 δὲ
553 3440 575 3478 α.
596 3421 719 3492 Sylburg
782 3427 816 3478 18
835 3420 915 3492 ὑμῶν
938 3421 991 3477 AB
1054 3429 1089 3478 20
1108 3421 1143 3494 δὴ

130 3492 299 3562 διανοηθεὶς
318 3510 340 3548 ο.
360 3490 448 3548 Cobet
463 3492 527 3548 obs.
547 3511 574 3562 p.
587 3498 625 3548 64
697 3498 732 3548 24
750 3492 799 3548 καλ
817 3494 840 3549 Β
855 3510 908 3549 om.
923 3495 949 3550 R
964 3495 968 3564 Ι
986 3489 1077 3570 ἑαυτῷ
1097 3496 1145 3550 Aa
