2682 3982
619 207 782 278 ..1³-

191 381 302 468 χύρας
334 379 440 450 αὐτοῦ
471 383 725 469 ποιησαμένοις,
758 386 789 450 εἰ
820 381 999 468 βούλοιντο
1037 389 1210 472 συμβῆναι

192 493 269 577 δίχα
301 490 449 576 πολέμου
480 487 563 576 πρὸς
592 487 713 576 αύτόν,
746 486 826 574 ὅπερ
855 494 902 570 εἰς
929 486 1082 576 ἀνάγκην
1110 518 1208 560 κατα-

192 595 328 677 στάντες
359 597 530 683 ἐποίησαν.
583 605 697 684 οἰομαι
735 594 766 666 δ’
801 595 978 686 ἐπειδήπερ
1016 595 1078 666 οὐκ
1115 604 1209 668 ἐστιν

191 702 370 792 ἐπιχώριον
389 701 528 790 Ἕλλησι
555 701 593 772 τὸ
621 704 695 792 περὶ
723 703 804 784 τοὺς
830 707 1043 793 εἰρηνοδίκας
1070 701 1208 793 ἀρχεῖον

150 827 163 867 ⁵
191 807 377 896 ἀναγκαῖον
400 808 492 877 εἰναί
506 835 563 897 μοι
581 809 697 878 πόσων
716 811 772 878 καί
794 815 944 898 πηλίκων
968 811 1037 880 ἐστὶ
1056 811 1207 899 πραγμά-
1229 812 1232 818 “
1278 855 1282 862 -

189 943 258 984 τιον
280 916 400 1005 κύριον
420 920 580 1002 διελθεῖν,
601 920 658 985 ἵνα
675 929 747 997 τοῖς
764 913 928 1003 ἀγνοοῦσι
952 915 1014 1006 τήν
1032 915 1206 1006 Ῥωμαίων

190 1019 378 1109 εὐσέβειαν,
406 1019 450 1109 ἣν
477 1026 513 1091 οἰ
537 1023 611 1092 τότε
638 1021 761 1113 ἀνδρες
789 1023 1005 1112 ἐπετήδευον,
1021 1023 1078 1112 ’μὴ
1091 1025 1207 1114 παρά·
1282 1069 1287 1076 ·

191 1131 293 1210 δοξον
316 1127 403 1198 εἰναι
426 1133 518 1220 φανῇ
542 1128 579 1198 τὸ
599 1129 726 1211 πάντας
749 1127 923 1211 αύτοῑςτδ
946 1132 1125 1200 κάλλιστον
1148 1141 1205 1201 λα-

154 1228 263 1320 4βείν
292 1234 371 1316 τούς
397 1238 565 1324 πολέμους
591 1238 694 1317 τέλος.
738 1235 898 1306 ἁπάντων
923 1235 988 1326 γάρ
1012 1235 1125 1307 αὐτόν
1147 1237 1206 1319 τὰς

152 1359 179 1398 10
192 1339 295 1430 ἀρχάς
325 1343 381 1410 καί
417 1341 477 1423 τὰς
507 1340 688 1424 ὑποθέσεις
720 1342 957 1431 εὐσεβεστάτας
993 1345 1204 1433 φανήσονται

188 1447 409 1536 ποιησάμενοι
432 1449 488 1518 καὶ
512 1448 568 1518 διὰ
591 1455 690 1520 τούτο
719 1451 861 1538 μάλιστα
883 1449 962 1532 τοὺς
984 1449 1088 1532 θεοὺς
1111 1455 1204 1540 ἐσχηι

188 1555 282 1636 κότες
309 1558 346 1624 ἐν
373 1571 444 1636 τοῖς
470 1557 645 1639 κινδύνοις
672 1555 829 1646 εὐμενεῖς.
884 1557 1015 1627 ἅπαντα
1045 1559 1108 1648 μὲν
1140 1551 1203 1628 οὖν

188 1661 252 1732 ὅσα
275 1660 449 1732 ἀνάκειται
471 1667 603 1745 τούτοις
625 1679 695 1746 τοῖς
718 1669 944 1753 εἰρηνοδίκαις
968 1667 1123 1734 ἐπελθεῖν
1146 1665 1204 1734 διδι

187 1774 322 1858 πλῆθος.
351 1767 392 1838 ού
425 1770 565 1862 ῥᾴδιον,
601 1771 825 1860 κεφαλαιώδει
863 1769 895 1839 δ’
930 1769 1111 1863 ἀπογραφή
1144 1775 1223 1861 δηέ

147 1897 173 1939 15
187 1881 292 1945 λῶσαι
323 1874 432 1974 τοιάδ’
468 1880 549 1946 ἐστι·
586 1878 768 1966 φυλάττειν
799 1883 856 1958 ’ίνα
888 1879 1017 1965 μηδένα
1045 1876 1202 1968 Ῥωμαῖοι

185 1983 334 2071 πόλεμον
370 1987 564 2072 ἐξενέγκωσι
600 1984 683 2054 κατὰ
719 1989 882 2073 μηδεμιᾶς
915 1984 1106 2055 ἐνσπόνδου
1141 1987 1260 2056 aad-391

186 2099 269 2171 λεως
306 2089 440 2178 ἀδικον,
484 2089 658 2178 ἀρξάντων
696 2091 734 2160 δέ
770 2097 1022 2181 παρασπονδεῖν
1059 2098 1107 2174 εἰς
1142 2095 1201 2163 αύ-

185 2197 264 2278 τούς
292 2198 414 2286 ἐτέρων
441 2197 691 2284 πρεσβεύεσθαί
717 2225 752 2268 τε
779 2199 835 2267 καλ
861 2197 902 2267 τά
930 2203 1043 2269 δίκαια
1066 2206 1201 2290 πρῶτον

186 2310 292 2373 αἰτεῖν
315 2293 429 2396 λόγῳ,Ι
449 2302 508 2380 έάν
538 2305 575 2373 δέ
603 2303 648 2393 μή
677 2297 862 2385 πείθωνται
884 2319 955 2386 τοῖς
978 2303 1200 2395 ἀξιουμένοις,

186 2409 254 2480 τότ’
280 2414 462 2501 ἐπικυροῦν
490 2409 550 2481 τὸν
573 2411 730 2500 πόλεμον.
776 2411 900 2502 ὁμοίως
929 2413 967 2482 δὲ
989 2409 1054 2482 κάν
1076 2413 1199 2483 ἀδικεῖ-

186 2523 273 2586 σθαί
296 2544 385 2598 τινες
411 2515 477 2587 ὑπό
496 2517 669 2606 Ῥωμαίων
698 2524 878 2589 ἔνσπονδοι
906 2520 1060 2606 λέγοντες
1085 2520 1127 2590 τὰ
1151 2527 1200 2590 δίε

184 2651 262 2691 καια
295 2628 427 2710 αἰτῶσι,
459 2624 599 2706 τούτους
633 2626 868 2713 διαγινώσκειν
902 2624 981 2708 τούς
1013 2625 1140 2716 ἄνδρας
1169 2637 1204 2698 εἰ

183 2758 216 2798 τι
243 2729 455 2798 πεπόνθασιν
484 2735 673 2800 ἔκσπονδον
700 2734 756 2801 καὶ
779 2735 837 2801 ἐὰν
861 2731 985 2815 δόξωσι
1010 2733 1199 2824 τότ’προσή-

183 2863 286 2906 κοντα
306 2839 456 2924 ἐγκαλεῖν
477 2837 556 2919 τοὺς
574 2838 713 2927 ἐνόχους
734 2855 806 2920 ταῖς
829 2845 950 2921 αἰτίαις
970 2825 1200 2929 συλλαβόντας

143 2963 170 3004 2⁵
184 2944 343 3024 ἐκδότους
375 2958 445 3024 τοῖς
481 2935 673 3035 ἀδικηθεῖσι
710 2947 936 3034 παραδιδόναι
974 2947 1015 3016 τά
1051 2975 1088 3016 τε
1123 2952 1197 3034 περὶ

182 3051 262 3132 τοὺς
284 3051 489 3143 πρεσβευτὰς
511 3051 699 3144 ἀδικήματα
723 3053 868 3136 δικάζειν
894 3053 1017 3140 καὶτὰ
1041 3057 1117 3145 περὶ
1140 3055 1199 3136 τάς

184 3159 357 3247 συνθήκας
385 3158 463 3229 ὅσια
489 3161 671 3248 φυλάττειν
700 3161 837 3250 εἰρήνην
869 3187 904 3228 τε
938 3171 1110 3230 ποιεῖσθαι
1142 3165 1198 3232 καί

149 2379 171 2444 5

144 2467 172 2506 ΒΟ

255 3353 486 3428 θάγνοοῦσινΑ
559 3353 652 3412 ’ἰτότε
672 3356 719 3410 Bb
737 3375 767 3412 τε
786 3356 862 3410 ΑΒο
934 3353 1199 3414 8ελναιΒοεο.Ιί

180 3435 217 3483 ’13
238 3425 404 3494 ἐπεξελθεῖν
433 3447 455 3485 ο.
479 3429 608 3484 Ηεεθείο
631 3428 746 3483 Hermes
768 3427 793 3481 X
816 3446 844 3498 p.
863 3433 916 3482 410
938 3450 960 3504 ,-
998 3435 1032 3483 25
1055 3425 1091 3484 τὰ
1114 3427 1147 3484 δὲ
1172 3431 1196 3486 0

182 3515 250 3554 corr.
270 3499 391 3570 Sylburg
