2660 3986
551 221 717 270 -Γ..

6 449 8 458 ,
127 405 196 448 των
224 380 293 446 τών
321 377 438 465 ίερέων
466 373 650 463 ἡγεμονίαν
680 381 823 463 ἐχουτος.
869 373 1182 463 ἀνακτησάμενος5

6 473 8 482 ἲ
129 484 167 554 δέ
198 481 239 551 τά
270 485 595 573 κατερρᾳθυμημένα
627 486 695 550 τών
729 485 829 570 ίερών
861 483 917 550 καὶ
944 479 1005 550 τὸν
1035 479 1142 568 ἀργὸν

6 581 18 676 ’,
130 590 231 678 ὄχλου
261 591 313 659 ἐπὶ
341 589 400 669 τὰς
428 592 518 668 ἐδίας
545 591 700 675 ἐργασίας
723 587 921 668 ἀποστείλας
944 586 1057 676 ἐπῄνει
1081 587 1142 674 μὲν

10 769 16 788 ff
128 697 207 778 τοὺς
240 700 405 784 ἐπιμελεῖς
435 695 620 783 γεωργούς,
657 697 819 782 ἐμέμφετο
853 694 891 763 δὲ
926 693 1004 774 τοὺς
1035 697 1144 772 κακῶς

6 800 15 898 ζ
129 805 395 893 προισταμένους
414 807 483 892 τών
508 806 606 870 ίδίων
627 801 840 893 [κτημάτων],
859 799 904 881 ιὸς
928 798 969 869 ού
987 805 1170 888 βεβαίουςι

6 909 11 1004 'y
130 917 275 990 πολίτας.

6 1014 18 1026 ”
219 1017 386 1086 XXXVII.
409 1019 520 1084 Ταύτα
533 1014 781 1103 καθιστάμενος
794 1012 834 1084 τά
847 1013 1144 1102 πολιτεύματακαλ

7 1207 11 1220 ¹
133 1122 217 1209 [διά]
231 1120 356 1202 παντὸς
375 1121 517 1210 μάλιστα
536 1123 671 1202 ἐλπίσας
685 1121 770 1190 ἀνευ
790 1123 939 1209 πολέμου
958 1121 1013 1190 καὶ
1032 1124 1145 1190 κακῶν

7 1233 15 1324 J
132 1229 263 1300 άπαντα
289 1227 350 1300 τὸν
377 1234 456 1316 βίον
483 1229 703 1317 διατελέσειν,
732 1225 842 1317 ὥσπερ
870 1225 888 1296 ὁ
913 1227 1145 1318 μητροπάτωρ,

6 1325 18 1436 γ’
133 1335 195 1405 ούκ
229 1342 324 1424 ἔσχεν
358 1333 479 1423 ὁμοίαν
511 1339 550 1424 τῇ
588 1337 781 1424 προαιρέσει
814 1333 876 1422 τήν
907 1335 1028 1422 τύχην,
1060 1332 1144 1402 ἀλλά
1161 1359 1186 1398 10

6 1442 15 1458 ”
133 1441 223 1529 παρὰ
245 1440 306 1528 τήν
331 1443 452 1510 ἑαυτοῦ
480 1440 619 1530 γνώμην
647 1440 846 1528 πολεμιστής
872 1438 1070 1528 ἠναγκάσθη
1094 1467 1146 1526 γε-

6 1555 15 1640 ’,
134 1551 257 1617 νέσθαι
275 1549 331 1618 καλ
350 1551 479 1635 μηδένα
497 1547 624 1636 χρόνον
642 1546 726 1616 ἀνευ
744 1546 912 1616 κινδύνου
929 1547 985 1614 καλ
1002 1551 1147 1634 ταραχῆς

9 1721 16 1752 2
134 1659 265 1740 βιώσαι.
311 1652 416 1734 εύθύς
438 1653 502 1743 γάρ
526 1651 595 1741 ἅμα
616 1658 662 1746 τῷ
686 1661 870 1741 παρελθεῖν
889 1651 994 1721 αύτὸν
1014 1655 1066 1722 ἐπὶ
1084 1651 1187 1740 τήν2

134 1758 320 1850 ήγεμονίαν
342 1762 400 1830 καλ
422 1759 485 1848 τήν
508 1758 708 1849 ἀπράγμονα
730 1763 958 1828 καθίστασθαι
976 1765 1147 1828 πολιτείαν

134 1867 451 1957 καταφρονήσαντες
483 1865 590 1936 αύτού
617 1874 759 1936 Λατῖνοι
788 1866 845 1934 καὶ
872 1871 1072 1953 νομίσαντες
1100 1863 1145 1932 δι’
1163 1883 1189 1922 1⁵

135 1974 325 2064 ἀνανδρίαν
363 1972 424 2061 ούχ
461 1971 579 2042 ίκανὸν
616 1971 704 2042 εἶναι
740 1973 906 2060 πολέμους
941 1983 1149 2060 στρατηγεῖν,

136 2081 298 2172 ληστήρια
327 2083 510 2167 διέπεμπον
538 2084 585 2160 είς
615 2078 678 2166 τήν
711 2077 905 2167 ὁμοροῦσαν
934 2074 1048 2157 αύτοίς
1077 2079 1150 2145 έκα-

137 2211 210 2258 στοι
242 2187 370 2276 χώραν,
402 2183 462 2273 ὑφ’
493 2178 542 2255 ών
574 2187 694 2255 πολλοὶ
725 2183 900 2272 Ῥωμαίων
938 2184 1150 2270 ἐβλάπτοντο.

138 2293 355 2381 ἀφικομένων
379 2293 417 2363 δέ
435 2291 524 2381 παρά
542 2296 604 2362 τού
622 2294 786 2380 βασιλέως
803 2295 1017 2381 πρεσβευτῶν
1036 2288 1150 2360 καὶτὰ
1170 2289 1190 2354 3

6 2393 11 2421 ¹
83 2405 256 2469 521δίκαια
274 2398 449 2489 Ῥωμαίοις
467 2399 654 2482 ἀξιούντων
677 2397 813 2486 ὑπέχειν
835 2397 918 2468 κατὰ
941 2396 999 2478 τὰς
1022 2395 1151 2484 συνθή-
1165 2412 1192 2452 2⁰

138 2535 209 2594 κας,
233 2505 310 2576 ούτε
328 2507 507 2594 γινώσκειν
526 2507 728 2593 ἐσκήπτοντο
747 2510 815 2576 τών
834 2503 968 2595 περὶτὰ
989 2503 1152 2594 ληστήρια

137 2616 440 2703 κατηγορουμένων
471 2612 574 2684 οὐδὲν
609 2611 654 2694 ὡς
674 2612 725 2682 ού
756 2611 837 2702 μετὰ
869 2617 986 2699 κοινῆς
1016 2609 1153 2698 γνώμης
1191 2683 1202 2698 .

138 2720 331 2808 γεγονότων
359 2719 437 2790 ούτε
463 2718 621 2789 ὑπόδικοι
651 2721 856 2808 <γενέσθαι>
879 2717 1054 2808 Ῥωμαίοις
1076 2718 1153 2804 περὶ

140 2825 285 2906 ούθενὸς
306 2825 510 2915 πράγματος·
539 2825 620 2895 οὐδὲ
642 2825 707 2914 γάρ
731 2826 815 2914 πρὸς
843 2828 991 2905 ἐκείνους
1013 2823 1151 2912 ποιήσα-

140 2942 223 3001 σθαι
247 2931 304 3012 τάς
323 2933 506 3022 συνθήκας,
530 2930 716 3022 ἀλλὰπρὸς
734 2933 876 3019 Τύλλον,
894 2930 1153 3018 τελευτήσαντος
1166 2949 1192 2990 2⁵

213 3135 227 3183 1
248 3125 348 3200 ἱερέων
367 3147 390 3187 ο.
406 3127 528 3216 δχλὸαεχ
547 3127 667 3199 λερύνΟ
724 3122 903 3196 ὅκτημάτων
922 3127 1014 3180 om.B
1069 3131 1085 3180 8
1104 3120 1152 3179 διὰ

141 3199 248 3256 delevit
265 3199 406 3270 Kiessling
421 3207 425 3266 Ι
442 3195 477 3269 δή
497 3219 625 3262 απαντος
638 3199 739 3254 Roiske
755 3198 760 3270 Ι
775 3198 910 3266 πολεμίου
925 3197 948 3251 Β
1003 3203 1036 3252 10
1051 3191 1154 3265 ὁμοίαν

142 3265 228 3340 αύτήι
246 3271 271 3325 A
336 3279 369 3326 16
387 3270 528 3342 πολέμους
547 3269 669 3326 Sintenis
683 3271 744 3325 Em.
759 3269 841 3324 Dion.
855 3267 896 3322 III
914 3287 941 3338 p.
956 3274 972 3320 3
991 3265 1115 3336 πολέμου
1131 3267 1153 3322 Ο

142 3347 257 3396 21-25
283 3343 371 3397 verba
393 3338 459 3397 ούτε
483 3335 737 3412 γινώσκειν-τάς
760 3335 908 3408 συνθήκας
931 3356 985 3394 om.
1009 3339 1066 3406 Ba,
1091 3338 1154 3393 add.

142 3413 224 3483 Bmg
296 3419 331 3468 23
350 3414 488 3483 γενέσθαι
507 3414 570 3470 εδδ.
589 3411 740 3480 Bfleheler,
767 3408 841 3466 εἶναι
860 3409 994 3480 Sylburg,
1018 3407 1156 3479 γενέσθαι

144 3481 256 3553 ἔφασαν
275 3483 363 3541 Cobet
383 3485 446 3541 obs.
466 3503 494 3555 p.
514 3491 547 3540 69
