2670 3984
539 188 706 242 -A-
1086 187 1129 252 97

111 354 243 439 λέγεται
274 351 437 438 γενέσθαι
466 353 534 418 τῶν
570 349 838 438 συμβησομένων
869 353 910 439 τῇ
939 349 1046 437 πόλει,
1073 351 1129 420 καί

58 463 207 528 152ἔστιν
226 456 338 527 αὐτῶν
358 470 503 545 μνημεῖα
526 457 563 524 ἐν
580 459 621 546 τῇ
641 459 877 526 Λαουϊνιατῶν
896 454 1005 547 άγορᾷ
1027 460 1131 544 χαλκᾶ

113 568 239 633 είδωλα
272 567 341 633 τῶν
378 562 471 657 ζῴων
501 565 537 632 ἐκ
568 565 696 632 πολλοῦ
729 561 821 632 πάνυ
860 561 987 651 χρόνου
1020 559 1133 650 διατη-

113 669 275 758 ροάμενα.

205 778 274 846 LX.
294 774 428 864 Ἐπειδὴ
444 775 481 845 δὲ
495 775 747 863 κατεσκευάσθη
759 789 829 856 τοϊς
843 775 975 864 Τρωσὶν
991 773 1012 864 ἡ
1026 775 1133 862 πόλις,
1147 795 1160 836 ⁶

116 886 282 970 ἐπιθυμία
314 882 442 964 πάντας
473 892 566 970 ίσχεν
604 881 726 972 ἰσχυρά
762 886 823 952 τοῦ
860 880 938 970 παρ’
978 881 1134 971 ἀλλήλων

115 987 307 1058 άπολαῦσαι
337 998 524 1079 χρησίμου,
552 991 608 1058 καί
636 993 671 1058 ολ
696 995 845 1076 βασιλεῖς
874 986 985 1072 αότρῖν
1008 994 1135 1078 πρῶτοι

115 1096 261 1185 άρχουσι
285 1099 439 1184 μίξαντες
460 1099 522 1166 τοῦ
544 1123 580 1166 τε
604 1098 785 1186 ἐπιχωρίου
807 1096 864 1164 καί
886 1099 948 1165 τοῦ
971 1095 1136 1184 ἐπήλυδος

117 1207 241 1291 γένους
267 1201 329 1290 τὴν
360 1201 499 1284 άξίωσιν
530 1204 583 1272 ἐπὶ
612 1209 838 1289 συναλλαγαῖς
860 1201 986 1290 γάμου,
1018 1204 1138 1287 δόντος

119 1314 274 1379 Λατίνου
295 1307 358 1396 τὴν
372 1311 546 1395 θυγατέρα
560 1312 703 1378 Λαῦναν
717 1313 838 1398 Λίνείμ
851 1321 1003 1395 γυναῖκα.
1027 1316 1138 1382 ἔπειτα
1153 1283 1179 1412 Ξ

119 1420 176 1488 καί
210 1420 245 1486 οί
276 1415 373 1485 άλλοι
405 1414 467 1503 τὴν
497 1414 604 1503 αὐτὴν
633 1429 704 1496 τοϊς
726 1420 924 1502 βασιλεῦσιν
954 1417 1139 1507 ἐπιθυμίαν

120 1523 284 1612 λαβόντες
312 1525 368 1591 καὶ
399 1521 445 1590 δι’
479 1521 596 1609 όλάγου
625 1521 717 1592 πάνυ
744 1521 872 1610 χρόνου
899 1526 1139 1615 συνενεγκάμε-

121 1659 178 1701 νοι
203 1636 267 1718 ἔθη
290 1631 346 1698 καί
368 1629 497 1717 νόμους
518 1630 575 1698 καὶ
598 1633 691 1698 θεῶν
715 1629 799 1718 ίερά,
822 1633 959 1716 κηδείας
980 1657 1015 1700 τε
1038 1634 1141 1704 συνά-

120 1753 249 1820 ψαντες
280 1735 438 1824 ἀλλήλοις
469 1737 526 1804 καὶ
553 1742 758 1817 ’κοινωνίαις
792 1739 948 1825 πολέμων
980 1737 1142 1829 άυακερά-

123 1847 280 1930 σθέντες,
314 1847 349 1911 οί
379 1843 568 1930 σύμπαντες
599 1846 697 1931 κοινῇ
726 1841 893 1934 ὀνομασία
915 1849 1141 1935 προσαγορεό-
1157 1877 1183 1918 15

124 1979 220 2032 οντες
258 1948 397 2030 ἑαυτοὺς
433 1947 497 2018 άπὸ
534 1954 596 2018 τοῦ
628 1951 792 2036 βασιλέως
822 1954 891 2018 τῶν
921 1949 1142 2042 ’Λβοριγίνωυ

124 2065 313 2144 Λατίνους,
344 2055 433 2126 οὕτω
462 2061 606 2143 βεβαίως
638 2061 774 2143 ἔμειναν
798 2057 851 2126 ἐπὶ
878 2071 949 2137 τοῖς
971 2065 1142 2149 συγκειμέ-

124 2194 216 2252 νοις,
251 2161 327 2234 εόστ’
364 2161 476 2242 οὐδεὶς
508 2159 631 2242 αὐτοὺς
663 2167 711 2230 ἐτι
743 2162 865 2249 χρόνος
897 2162 954 2232 ἀπ’
988 2163 1143 2254 ἀλλήλων

126 2275 290 2359 διέστησε.
1159 2275 1180 2340 3

95 2434 99 2444 .
199 2377 247 2446 Τά
270 2377 333 2466 μὲν
357 2375 399 2464 δὴ
414 2375 627 2445 συνελθόντα
642 2381 727 2464 ἔθνη
745 2378 802 2446 καί
815 2380 1053 2468 κοινωσάμενα
1066 2380 1145 2462 τοὺς
1159 2408 1186 2448 το

127 2493 241 2574 βίους,
272 2487 305 2567 ἐξ
336 2475 385 2552 ὧν
415 2481 453 2552 τὸ
479 2480 652 2572 Ῥωμαίων
680 2485 780 2570 γε’νος
807 2482 972 2573 ὥρμηται,
999 2490 1079 2576 πρὶν
1102 2487 1146 2577 ἣν

128 2597 195 2662 νῦν
216 2597 353 2680 ἔχουσιν
369 2593 565 2676 οἰκισθῆναι
578 2589 690 2676 πόλιν,
704 2590 808 2659 ταῦτά
823 2593 928 2660 ἐστιν·
944 2591 1148 2682 Ἀβοριγῖνες

74 2701 197 2789 153μὲν
221 2702 368 2787 πρῶτον,
392 2702 428 2764 οἳ
443 2695 608 2776 Σικελοὺς
627 2699 850 2784 ἐξανέστησαν
874 2701 911 2768 ἐκ
932 2700 1062 2771 τούτων
1079 2707 1148 2771 τῶν

129 2811 277 2896 χωρίων,
291 2801 453 2888 Ἕλληνες
475 2800 570 2882 ὄντες
594 2799 633 2871 τὸ
656 2800 797 2890 άρχαϊον
822 2807 857 2872 ἐκ
880 2808 1149 2896 Πελοποννήσου

204 2961 371 3033 monnau
394 2961 417 3017 Ο
499 2966 515 3016 5
538 2957 747 3017 κατεσκεύαστο
771 2980 794 3018 ο.
813 2963 956 3036 Kiessh'ng
1038 2969 1150 3037 θίσχεν

130 3031 233 3108 ἰσχυρά
253 3037 301 3090 Bb
330 3029 429 3103 ἰσχυρά
447 3033 493 3088 Ba
518 3034 589 3102 ίσχει
602 3034 628 3086 Α
649 3036 653 3100 Ι
675 3031 756 3104 ἔσχεν
774 3054 824 3089 του
843 3037 959 3108 Madvig
976 3039 1048 3093 Adv.
1067 3039 1080 3092 I
1099 3045 1150 3093 ‘125

169 3115 204 3163 10
227 3101 338 3161 λαάναν
356 3103 432 3160 ΑΒει
459 3107 607 3158 λαουινίαν
626 3104 673 3159 Bb
751 3110 783 3160 11
805 3101 962 3178 ἐπιθυμίαν
990 3115 1049 3171 τοῖς
1072 3111 1148 3180 βασι·

131 3178 250 3234 λεῦσιΒ
314 3183 347 3230 12
367 3171 605 3244 συνενεγκάμενοι
623 3175 645 3228 Β
665 3174 932 3249 συνδιενεγκάμενοι
946 3180 972 3232 R
1030 3185 1063 3234 13
1084 3177 1151 3249 ἔθη-

132 3269 190 3306 καν
210 3249 263 3303 ΑΒ
289 3249 293 3316 Ι
318 3267 348 3302 τε
368 3246 431 3301 add.
452 3245 602 3316 Kiessling,
626 3246 723 3301 om.O
806 3254 840 3302 14
859 3250 1021 3312 κοινωνίαις
1043 3251 1066 3304 Β
1094 3271 1152 3306 κοι-

132 3321 240 3382 νωνίας
257 3321 283 3374 R
299 3319 303 3387 1
319 3317 451 3388 πολέμων
469 3317 514 3371 Bb
533 3312 643 3372 πόλεων
661 3318 707 3371 Ba
725 3313 833 3381 πόλεως
851 3320 877 3374 A
932 3325 964 3374 15
984 3319 1014 3375 οἱ
1031 3321 1153 3377 Sintenis

133 3393 196 3448 Em.
215 3390 298 3446 Dion.
318 3391 345 3444 ΙΙ
362 3407 390 3458 p.
408 3394 423 3442 ο
452 3407 482 3442 τε
501 3385 570 3443 oto
597 3388 678 3459 κοινῇ
698 3405 720 3444 ο.
740 3390 878 3445 Biicheler
901 3391 906 3458 Ι
931 3393 1012 3464 κοινῇ
1033 3393 1157 3449 Siniumis¹

134 3460 432 3520 1.1.καλΙίοω.Β
507 3466 539 3514 16
558 3454 707 3522 αὐτοδςΑ
779 3467 812 3515 21
833 3456 985 3532 άρμητοΒ

189 3567 570 3611 D1ons.ffln.1.1n.Jnconr.
979 3559 1001 3636 ⁷:
1030 3589 1038 3636 3
1077 3619 1085 3633 .
1176 3587 1195 3630 3,
1211 3585 1231 3630 ,γ
