2682 3982
626 85 638 124 ι

186 219 317 284 278’
610 221 777 272 -Γ-

185 387 247 450 ποί
271 405 359 459 τινες
387 379 424 446 ἐν
451 390 522 458 τοῖς
550 376 644 466 όρεσι
672 380 849 467 λοχῶντες)
878 373 960 447 ὅταν
985 378 1023 446 δέ
1045 373 1137 466 άρθή
1161 376 1205 446 τά

186 499 307 574 σημεῖα
333 483 500 570 λαβόντας
528 482 611 572 <τά>
640 481 727 554 ὅπλα
754 497 875 572 χωρεῖν
904 481 954 552 ἐπ’
980 482 1103 564 αὐτοὺς
1133 488 1206 554 ἔδει

185 592 312 672 πάντας
338 590 421 662 κατὰ
448 591 563 678 τάχος,
593 583 651 680 (ήν
680 591 718 659 δὲ
746 589 787 660 ού
816 589 923 678 πολλή
951 588 1015 678 <ή>
1044 592 1098 660 ἐπὶ
1119 589 1262 671 τοὺςςιρ

185 699 331 788 χάρακας
363 697 428 767 άπὸ
464 699 615 786 Φιδήνης
651 699 804 788 φέρουσα
836 695 932 784 ὁδός,
964 695 1037 766 ἀλλ’
1068 696 1152 766 ὅσον
1181 693 1204 784 ή

145 831 158 874 ε
186 806 289 875 δυσὶν
312 805 415 896 ὥραις
436 802 458 894 ἢ
480 807 592 893 τρισὶν
611 804 807 893 ἀνυσθῆναι
829 805 868 874 τὸ
888 804 1113 894 μακρότατον)
1133 806 1205 874 ἐπι-

186 915 355 1000 φανέντας
378 911 416 980 δέ
437 917 483 1005 τῷ
507 910 615 999 άγοδνι
637 913 732 992 τέλος
754 911 820 999 ήδη
844 917 956 999 ἔχοντι
979 910 1090 1000 ὥσπερ
1113 910 1206 992 είκδς

185 1019 293 1106 μηδὲν
315 1017 473 1106 ήγείσθαι
495 1025 623 1106 φίλιον,
646 1016 720 1088 ἀλλ’
742 1016 802 1086 ἐάν
824 1045 860 1086 τε
879 1017 1036 1105 Ἀλβανοὶ
1059 1021 1204 1086 νικῶσιν

185 1125 246 1194 ἐάν
278 1151 313 1194 τε
335 1124 493 1212 Ῥωμαῖοι
524 1131 666 1194 κτείνειν
698 1124 778 1206 τοὺς
808 1125 1048 1212 κεκρατηκότας
1080 1123 1205 1194 αὐτῶν.

184 1236 289 1300 ταῦτα
310 1223 355 1318 ήυ
379 1229 401 1300 ἃ
425 1233 607 1318 διέγνωστο
630 1229 788 1320 πράττειν
805 1245 876 1312 τοίς
892 1231 1114 1319 προεστηκόσι
1132 1235 1205 1300 τῶν

145 1311 327 1438 ᾗπόλεων.
382 1341 414 1405 εί
449 1337 511 1425 μέν
549 1329 613 1406 οὖν
648 1337 862 1426 θρασύτερον
899 1339 953 1406 ἐπὶ
988 1337 1049 1408 τὸν
1086 1336 1205 1425 άγῶνα

186 1441 347 1530 ὥρμησαν
367 1442 524 1532 Ἀλβανοὶ
542 1443 716 1534 Ῥωμαίων
733 1444 1050 1534 καταφρονήσαντες
1067 1445 1122 1512 καὶ
1141 1448 1204 1535 μιᾷ

185 1563 299 1636 κρίναι
322 1551 410 1641 μάχη
433 1549 474 1619 τὰ
498 1549 561 1620 όλα
584 1554 785 1638 διέγνωσαν,
809 1549 916 1620 οὐθὲν
939 1547 983 1620 άν
1006 1549 1043 1620 τὸ
1067 1555 1204 1619 κωλῦον

185 1649 229 1742 ήν
257 1656 318 1726 τόν
345 1685 381 1726 τε
413 1661 727 1728 κατασκευασθέντα
756 1657 860 1727 δόλον
889 1655 940 1728 ἐπ’
966 1657 1080 1740 αὐτοῖς
1107 1665 1205 1744 λελη-

184 1765 286 1832 θέναι
309 1765 365 1832 καὶ
394 1765 605 1852 διεφθάρθαι
633 1763 674 1835 τά
702 1764 930 1853 στρατεύματα
958 1763 1070 1834 αὐτῶν
1093 1762 1204 1852 άμφό·

147 1901 172 1943 15
185 1891 277 1956 τερα·
314 1873 381 1938 νῦν
415 1869 453 1938 δέ
485 1867 506 1956 ή
544 1869 699 1960 διατριβὴ
730 1875 792 1939 τοῦ
827 1873 977 1958 πολέμου
1012 1870 1204 1958 παράδοξος

185 1974 289 2043 άπασι
315 1978 481 2064 γενομένη
513 1978 570 2045 καὶ
599 1975 617 2045 ό
645 1976 768 2066 χρόνος
795 1979 833 2046 ἐν
861 1969 888 2071 ᾧ
915 1975 1201 2066 παρεσκευάζοντο

185 2081 290 2162 πολὺς
325 2084 546 2170 ἐφελκυσθεὶς
587 2085 715 2171 διέχεεν
756 2082 868 2153 αὐτῶν
904 2081 945 2152 τά
965 2083 1201 2171 Ιβουλεύματα.

184 2188 340 2278 τῶνγὰρ
369 2193 405 2259 ἐκ
431 2194 490 2278 τής
521 2195 734 2278 συνωμοσίας
755 2193 858 2279 τινές,
881 2200 946 2260 είτε
969 2196 1075 2260 οίκεϊα
1097 2193 1200 2278 κέρδη

184 2283 428 2385 περιβαλέσθαι
451 2301 623 2383 ζητοῦντες
646 2305 711 2366 είτε
739 2310 810 2376 τοῖς
831 2297 1110 2385 κορυφαιοτάτοις
1132 2301 1201 2366 τῶν
1310 2339 1313 2348 ·

147 2433 173 2474 ιο
188 2404 359 2490 σφετέρων
390 2403 447 2470 καὶ
478 2402 517 2472 τὸ
550 2409 650 2492 ἔργον
683 2405 960 2492 εἰσηγησαμένοις
989 2409 1202 2492 φθονοῦντες

186 2517 252 2578 είτε
279 2509 427 2596 μήνυσιν
455 2511 578 2597 ἑτέρων
609 2509 772 2598 δεδιότες,
805 2509 825 2580 ό
851 2539 884 2581 τι
910 2519 1047 2592 πολλοῖς
1075 2513 1200 2598 συνέβη

186 2624 310 2683 παθείυ
347 2617 384 2683 ἐν
424 2630 497 2696 ταῖς
532 2616 817 2702 πολυανθρώποις
853 2619 910 2686 καὶ
949 2619 1202 2706 χρονιζομέναις

186 2727 429 2808 συνωμοσίαις,
457 2731 522 2790 εἴτε
549 2720 616 2792 ὑπὸ
644 2729 741 2804 θείας
768 2722 1033 2812 ἀναγκαζόμενοι
1060 2723 1257 2812 γνάμης4νο

84 2895 87 2902 ,
187 2826 248 2896 οὐκ
275 2825 434 2916 ἀξιούσης
461 2833 561 2919 έργον
589 2827 731 2900 ἀνόσιον
759 2835 807 2912 είς
836 2829 971 2918 εὐτυχὲς
992 2835 1201 2919 κατασκήψαι

146 2963 173 3006 ιτ
186 2937 281 3016 τέλος
303 2936 449 3023 μηνυταὶ
471 2941 626 3022 γίνονται
648 2951 718 3018 τοῖς
740 2942 912 3025 πολεμίοις
933 2941 995 3006 τοῦ
1020 2938 1133 3008 δόλου.

259 3089 370 3152 θόπλα
388 3096 441 3150 ΑΒ
460 3091 495 3150 τά
514 3096 578 3151 add.
588 3095 764 3182 Ι..δοθθδῡθε
779 3115 807 3167 p.
822 3101 856 3154 58
873 3097 877 3170 Ι
895 3095 954 3153 ἔδει
972 3098 1026 3154 del.
1042 3097 1130 3153 Cobet
1147 3097 1200 3152 1..1

186 3199 236 3272 3έχ
255 3203 320 3259 add
329 3201 473 3274 Kiessling
515 3183 727 3286 4φειδήνηςΒ
794 3203 867 3272 6τῷ
887 3221 942 3260 om.
961 3203 1037 3258 BaR
1096 3209 1129 3258 12
1148 3223 1201 3257 κα-

186 3223 255 3329 λύον
273 3275 326 3329 ΑΒ
357 3275 484 3330 κωλῦσον
511 3275 634 3330 Reudler
661 3273 753 3330 Τίτου.
833 3279 867 3330 26
950 3281 984 3331 1⁷
1007 3269 1027 3330 ά
1029 3273 1202 3360 φελκυσθελς

187 3361 256 3400 corr.
275 3345 387 3414 Reiske,
409 3365 450 3400 πα
452 3346 618 3432 ρελκνσθελς
641 3343 731 3401 Cobet
746 3291 820 3401 ofin.
799 3363 874 3416 ε.ρ
894 3352 928 3402 158
1004 3353 1040 3402 22
1059 3365 1092 3416 χρ
1076 3341 1201 3414 ρονιζοό-

187 3433 290 3478 σαιςο.
310 3417 412 3472 Reiske
485 3423 519 3471 23
537 3411 594 3471 ὑπὸ
613 3416 699 3480 θείας
723 3415 812 3473 Cobet
799 3417 933 3474 t.Mnem
945 3415 1041 3488 IXp
1061 3421 1113 3474 319
1138 3415 1201 3472 Sin-

186 3486 260 3542 tenis
278 3487 340 3545 Em.
359 3487 440 3544 Dion.
459 3487 531 3558 Hp.
552 3483 643 3542 ὁὺπὸ
662 3486 787 3544 θέτειΟ
