2682 3982
207 208 274 274 276
631 239 665 250 -
704 211 798 264 Γ-

206 368 271 458 γὸν
294 369 349 437 καὶ
371 364 438 438 ἀπὸ
461 367 587 449 παντὸς
613 371 674 437 τοῦ
696 373 873 456 βελτίστου
898 373 1055 457 κρίνουσι
1078 366 1115 438 τὸ
1140 387 1225 455 συμ-

207 474 350 565 βεβηκὸς
378 475 454 546 οὔτε
481 475 502 564 ἡ
532 482 612 546 θεία
639 479 773 565 νέμεσις
805 475 883 546 ούτε
910 473 928 545 ὁ
957 485 1025 546 τῶν
1052 473 1227 544 ἀντιπολι-

207 585 400 673 τευομένων
429 583 564 671 φθόνος
591 581 671 652 οὔδ’
696 580 718 670 ἡ
746 587 816 652 τῶν
842 582 1047 672 πραγμάτων
1069 580 1227 668 ἀπόγνω-

209 711 262 772 σις
283 689 489 781 ἀνῃρηκέναι
509 687 570 758 τὸν
593 687 704 777 ἀνδρα
727 688 848 776 ἐδόκει,
871 687 944 757 ἀλλ’
965 687 987 779 ἡ
1009 693 1068 777 τῆς
1090 688 1228 776 φύσεως

168 821 182 887 ο
209 796 339 885 ἀυάγκη
367 798 423 866 καί
450 794 488 866 τὸ
516 793 624 883 γρεύν
654 793 701 877 ὥς
732 795 1007 884 ἐκπεπληρωκότα
1037 794 1099 884 τὴν
1132 794 1226 883 ὀφει-

208 905 357 992 λομένην
385 916 525 992 μοῖραν,
552 893 593 990 ἧς
615 899 720 970 ἀπασι
746 916 818 982 τοῖς
839 903 1033 990 γινομένοις
1054 905 1227 990 πέπραται

169 1011 190 1076 3
209 1024 332 1098 τυχεῖν.
378 1015 539 1089 Κλοίλιος
562 1008 624 1097 μέν
648 1007 691 1096 δὴ
714 1010 795 1098 πρὶν
822 1005 843 1097 ἢ
866 1023 1027 1097 γενναῖον
1050 1007 1227 1092 ἀποδείξα-

210 1123 297 1186 σθαί
314 1144 347 1186 τι
369 1115 526 1203 τοιαύτης
547 1119 702 1204 τελευτῆς
725 1121 856 1204 ἔτυχεν,
880 1120 928 1198 είς
951 1116 989 1186 δὲ
1009 1115 1070 1186 τὸν
1093 1119 1228 1186 ἐκείνου

208 1223 314 1292 τόπον
342 1220 581 1292 ἀποδείκνυται
609 1221 793 1312 στρατηγὸς
820 1222 1036 1316 αὐτοκράτωρ
1063 1221 1128 1293 ἀπὸ
1156 1227 1227 1293 τῶν

171 1354 197 1396 ιο
211 1330 264 1400 ἐπὶ
305 1331 534 1418 στρατοπέδου
574 1330 721 1410 Μέττιος
758 1332 984 1419 Φουφέττιος,
1020 1329 1107 1420 ἀνὴρ
1149 1329 1228 1400 ούτε

209 1438 358 1524 πολέμου
380 1434 513 1524 ἡγεμὼν
538 1435 654 1518 ίκανὸς
682 1435 760 1506 οὔτε
789 1437 926 1526 εἰρήνης
947 1441 1083 1527 βέβαιος
1105 1437 1228 1526 φύλαξ,

210 1539 248 1623 ὃς
271 1542 412 1624 οὐδενὸς
434 1534 535 1631 ἦττον
555 1541 730 1629 Ἀλβανῶν
752 1543 932 1632 πρόθυμος
954 1541 1003 1614 ὧν
1026 1542 1097 1615 κατ’
1123 1541 1229 1631 ἀρχὰς

211 1653 389 1738 διαστῆσαι
415 1647 474 1730 τάς
500 1649 614 1731 πόλεις
640 1651 697 1718 καί
725 1648 782 1718 διὰ
808 1655 908 1730 τοῦτο
936 1655 996 1740 τῆς
1018 1650 1122 1742 ἀρχῆς
1145 1647 1229 1738 μετὰ

208 1755 269 1826 τὸν
297 1761 464 1826 Κλοιλίου
489 1756 644 1826 δάνατον
671 1754 845 1842 ἀξιωθείς,
873 1757 987 1846 ἐπειδὴ
1016 1763 1076 1846 τῆς
1102 1755 1285 1846 ἡγεμο-417
1320 1751 1321 1754 '

171 1885 197 1926 ιο
210 1869 286 1942 νίας
309 1868 403 1950 ἔτυχε
425 1864 482 1931 καὶ
505 1861 569 1932 ὅσα
591 1856 635 1950 ἦν
659 1865 696 1932 έν
719 1877 790 1944 τολς
807 1862 978 1952 πράγμασι
1002 1855 1147 1955 δυσχερῆ
1169 1867 1230 1934 καὶ
1319 1937 1321 1952 ,

210 1968 320 2057 ἀπορα
353 1973 525 2055 συνεῖδεν,
564 1966 676 2038 οὐκέτι
713 1971 891 2058 διέμεινεν.
918 1971 971 2040 ἐπὶ
1007 1985 1078 2052 τοίς
1113 1969 1230 2052 αὐτοῖς

211 2075 457 2164 βουλεύμασιν,
483 2073 558 2144 ἀλλ’
584 2081 633 2156 είς
659 2074 830 2164 ἀναβολὰς
856 2078 913 2146 καὶ
936 2077 1109 2166 διατριβὰς
1131 2077 1229 2165 ἀγειυ

209 2180 308 2280 ἠξίου
330 2181 371 2252 τὰ
393 2182 569 2272 πράγματα
593 2179 685 2270 ὁρῶν
709 2179 785 2250 ούτε
811 2181 891 2263 τοὺς
911 2182 1095 2272 Ἀλβανοὺς
1121 2182 1230 2252 ἀπαν-

210 2313 270 2368 τας
293 2286 415 2376 ὁμοίαν
438 2295 575 2378 ἔχοντας
598 2294 646 2358 ἔτι
664 2294 862 2376 προθυμίαν
880 2288 965 2378 πρὸς
982 2291 1129 2380 πόλεμον
1150 2290 1229 2361 ούτε

173 2393 253 2466 ιοτά
278 2395 406 2484 σφάγια
434 2395 533 2466 ὁπότε
560 2395 683 2466 θύοιτο
711 2395 788 2482 περὶ
815 2394 922 2483 μάχης
943 2396 1028 2466 καλά
1050 2397 1228 2486 γινόμενα·

171 2505 374 2572 4τελευτολν
408 2503 446 2572 δὲ
477 2504 534 2571 καί
561 2507 608 2582 είς
635 2498 843 2588 καταλλαγὰς
870 2507 956 2588 ἔγνω
983 2512 1229 2593 προκαλεῖσθαι

210 2605 290 2688 τούς
317 2614 497 2696 πολεμίους
524 2607 687 2696 πρότερος
717 2609 1076 2696 ἐπικηρυκευσάμενος,
1105 2609 1228 2697 μαθοδυ

211 2713 561 2804 κάνέπικρεμάμενον
585 2716 714 2796 ἔξωθεν
729 2711 904 2801 Ἀλβανολς
925 2741 960 2784 τε
982 2717 1038 2784 καί
1051 2713 1229 2805 Ῥωμαίοις

210 2825 388 2908 κίνδυνον,
410 2826 442 2889 εί
463 2819 508 2909 μὴ
531 2825 726 2890 σπείσονται
748 2818 808 2888 τὸν
830 2819 914 2910 πρὸς
941 2819 1108 2910 ἀλλήλους
1130 2825 1228 2895 πόλε-

171 2957 198 3000 25
212 2952 289 3018 μου,
304 2926 507 3016 ἀφύλακτον
531 2926 624 3015 ὄντα,
650 2925 688 3008 ἀς
710 2932 847 3014 ἔμελλεν
865 2925 1055 3016 ἀμφοτέρας
1078 2927 1228 3018 ἀυαρπά-

212 3044 340 3108 σασδαι
361 3032 420 3114 τάς
443 3033 612 3122 δυνάμεις.
657 3026 701 3120 ἦν
725 3033 763 3102 δέ
784 3031 928 3112 τοιόςδε·

284 3256 367 3340 δῆς]
385 3263 428 3328 οίς
446 3267 491 3336 A'!
507 3263 725 3352 γεινομένοιςΑ
756 3235 759 3243 ³
782 3273 814 3322 ’7
832 3262 1043 3336 ἀποδείξασθαι
1061 3267 1139 3322 ΑΒε
1168 3263 1228 3350 έπε-

212 3338 365 3404 δείξασδαι
392 3337 439 3391 Bb
520 3343 554 3391 12
581 3352 675 3406 ηττιον
701 3337 748 3392 ΒίεΙ
813 3343 862 3393 ’24
886 3341 1055 3394 οπείσωυται
1078 3354 1102 3392 ο.
1125 3339 1227 3395 Βιειελτθ

212 3404 440 3549 ἓζῦιξφαόιῦργρο.
447 3407 558 3533 15Ιλτνείελτο
569 3409 581 3477 ’λ
594 3401 814 3478 ἀναρπάσεσθαι
828 3409 956 3524 Ηεελλείπ
969 3407 1122 3466 HermesX
1136 3428 1164 3481 p.
1175 3417 1226 3466 411
