2670 3984
197 255 261 322 170
442 277 446 284 ’
617 261 781 314 -Β-

193 443 308 498 τοντες
330 416 495 506 ἀλλήλους
516 421 572 488 καλ
600 418 755 506 φυγάδας
777 419 976 501 ἐλαύνοντες
1004 422 1040 488 ἐκ
1066 423 1125 506 τῆς
1147 419 1210 487 πό·
1321 459 1322 504 3

194 531 276 604 λεως
298 526 355 594 καὶ
379 524 519 607 ούδενός
541 531 608 596 τῶν
627 524 821 613 ἀνηκέστων
839 524 1041 614 άπεχόμενοι
1059 523 1149 614 παρὰ
1168 525 1209 594 τὸ
1322 593 1323 632 ρ

194 634 304 700 νικᾶν.
339 629 424 700 ἄλλά
446 634 522 719 περὶ
539 632 602 722 μέν
619 632 749 702 τούτων
769 635 880 721 ἕτερος
894 639 985 702 ἔσται
1004 647 1075 712 τοῖς
1093 632 1211 720 λόγοις
1322 633 1323 638 ’

193 735 309 826 καιρὸς
331 738 602 828 ἐπιτηδειότερος.

153 869 167 912 ι
283 847 356 912 ΧΠ.
388 841 424 912 Ὁ
456 844 494 914 δὲ
520 842 689 933 Ῥωμύλος
721 843 834 934 ἐπειδή
871 849 975 914 ταῦτα
1008 844 1210 933 διεκόσμησε

193 949 378 1036 βουλευτάς
400 950 506 1032 εὐθὺς
524 957 611 1038 ἔγνω
628 952 914 1040 καταστήσασθαι,
937 950 1015 1040 μεθ’
1034 943 1083 1022 ὧν
1105 952 1208 1038 πράτ-

193 1072 263 1126 τεῖν
297 1057 338 1128 τά
369 1058 467 1128 κοινά
500 1065 653 1148 ἔμελλεν,
690 1062 726 1128 ἐκ
757 1062 826 1128 τῶν
857 1065 1041 1148 πατρικίων
1078 1057 1209 1147 ἄνδρας

194 1163 312 1234 ἑκατὸν
336 1166 577 1254 ἐπιλεξάμενος.
622 1168 765 1234 ἐποιεῖτο
790 1166 828 1235 δὲ
849 1163 962 1235 αὐτῶν
984 1167 1121 1235 τοιάνδε
1143 1165 1207 1253 τήν

194 1273 374 1359 διαίρεσιν·
412 1271 512 1353 αὐτὸς
543 1272 605 1360 μὲν
634 1273 667 1354 ἐξ
697 1269 857 1342 ἁπάντων
891 1274 951 1340 ἕνα
977 1271 1038 1341 τδν
1066 1270 1208 1361 άριστον

153 1403 180 1444 ιο
193 1375 381 1465 ἀπέδειξεν,
408 1370 436 1472 ᾦ
467 1377 525 1460 τὰς
556 1377 638 1448 κατὰ
665 1378 766 1448 πόλιν
798 1377 881 1472 ρ’όετο
915 1383 988 1448 δεῖν
1021 1381 1207 1468 ἐπιτρέπειν

194 1489 402 1573 οἰκονομίας,
435 1483 491 1555 ὅτε
527 1483 627 1565 αύτδς
663 1484 775 1573 ἐξάγοι
812 1483 971 1574 στρατιάν
1007 1483 1206 1575 ὑπερόριον·

153 1589 174 1655 2
192 1595 260 1660 τῶν
284 1592 323 1660 δέ
341 1597 460 1681 φυλῶν
480 1592 599 1681 ἑκάστη
618 1594 798 1681 προσέταξε
816 1607 904 1680 τρεῖς
921 1591 1051 1680 άνδρας
1069 1594 1207 1662 ἑλέσθαι

191 1696 272 1779 τοὺς
298 1701 335 1768 έν
364 1705 404 1790 τῇ
433 1699 671 1788 φρονιμωτάτῃ
698 1697 773 1768 τότε
806 1697 907 1780 ὄντας
933 1697 1046 1790 ἡλικίᾳ
1073 1701 1128 1768 καλ
1158 1698 1203 1768 δι’

192 1803 366 1892 εὐγένειαν
399 1809 580 1894 ἐπιφανεῖς.
635 1804 716 1894 μετὰ
750 1805 787 1874 δὲ
823 1804 902 1886 τοὺς
934 1808 1034 1875 ἐννέα
1064 1805 1206 1886 τούτους

152 1935 178 1977 15
193 1911 335 2001 ἑκάστην
359 1912 513 2002 φράτραν
531 1912 633 1981 πάλιν
657 1914 809 1981 ἐκέλευσε
830 1926 920 2000 τρεῖς
943 1914 978 1980 ἐκ
999 1915 1068 1981 τῶν
1090 1937 1205 2001 πατρι-

191 2025 277 2088 κίων
291 2018 464 2102 άποδεῖξαι
481 2017 561 2098 τοὺς
579 2017 880 2106 ἐπιτηδειοτάτους·
900 2023 1010 2087 ἔπειτα
1027 2033 1099 2099 τοῖς
1112 2019 1260 2107 πρά-261
1330 2043 1331 2048 ’

192 2153 263 2206 τοις
295 2129 394 2196 ἐννέα
425 2141 496 2206 τοῖς
527 2124 593 2194 ὑπὸ
625 2130 694 2195 τῶν
723 2129 843 2213 φυλῶν
873 2123 1105 2213 ἀποδειχθεῖσι
1127 2127 1207 2206 τούς

193 2233 397 2320 ἐνενήκοντα
418 2238 592 2321 προσθείς,
611 2227 672 2312 οὓς
695 2235 732 2300 αί
753 2237 899 2320 φρᾶτραι
921 2237 1207 2320 προεχειρίσαντο,

192 2340 249 2408 καλ
275 2339 421 2425 τούτων,
451 2335 493 2407 δν
521 2337 621 2418 αὐτὸς
648 2342 864 2429 προέκρινεν,
891 2335 1042 2427 ἡγεμόνα
1063 2337 1208 2425 ποιήσας

152 2444 253 2514 οοτδν
297 2449 366 2514 τῶν
412 2442 530 2513 ἑκατὸν
572 2445 777 2533 ἐξεπλήρωσε
814 2448 1008 2532 βουλευτῶν
1045 2442 1207 2534 άριθμόν.

154 2549 291 2622 3τούτο
315 2550 352 2620 τὸ
377 2553 559 2639 συνέδριον
577 2550 766 2640 Ἑλληνιστὶ
795 2551 1066 2639 ἑρμηνευόμενον
1089 2579 1207 2640 γερου-

192 2664 271 2727 σίαν
303 2658 445 2727 δύναται
478 2661 605 2746 δηλούν
638 2659 694 2727 καὶ
724 2661 819 2746 μέχρι
849 2661 910 2726 τού
941 2658 1108 2748 παρόντος
1139 2656 1230 2728 ὑπὸ.

186 2763 362 2854 Ῥωμαίων
386 2763 493 2845 οὕτως
514 2773 669 2834 καλεῖται.
709 2764 853 2853 πότερον
878 2763 915 2832 δὲ
935 2762 991 2833 διὰ
1014 2769 1120 2855 γήρας
1137 2770 1207 2834 τῶν

264 2956 414 3018 8τοιάνδε
432 2956 497 3016 τινά
516 2957 568 3030 τήν
589 2978 610 3016 ο.
630 2953 732 3015 Rei'ske
811 2967 826 3014 9
847 2961 956 3030 αἵρεσιν
979 2978 1002 3016 ο.
1028 2962 1116 3016 Cobet
1141 2960 1205 3016 obs.

191 3053 220 3104 p.
240 3040 274 3089 42
348 3039 382 3088 10
400 3029 473 3087 κατά
493 3027 546 3100 τήν
564 3029 647 3087 πόλιν
666 3049 689 3088 ο.
709 3032 864 3087 Ambrosch
938 3038 970 3086 13
989 3051 1018 3086 τε
1039 3027 1126 3096 ὄντας
1145 3033 1207 3087 sin-

192 3103 478 3160 tenisEm.Di0n.1
499 3109 562 3174 p.9
642 3109 676 3157 16
695 3098 822 3175 *ἑκάστῃ
845 3100 1000 3178 φράτρηιΟ
1079 3109 1112 3158 16
1136 3100 1206 3158 άπο-

194 3177 286 3242 δεῖξαι
309 3175 453 3245 Kiessling
485 3171 612 3240 ἐπιλέξαι
636 3174 659 3228 Ο
694 3170 880 3240 ἐπιλέξασθαι
902 3173 1010 3244 Kayser
1038 3176 1108 3231 Ann.
1135 3175 1207 3245 phil.

194 3253 263 3302 1863
282 3253 346 3317 p.4
427 3253 459 3302 17
480 3239 792 3314 τοῖς-άπεδειχθεῖσι
821 3246 875 3301 ἀεὶ.
901 3245 1003 3300 Garrer
1031 3245 1095 3300 obs.
1119 3265 1146 3316 p.
1172 3253 1207 3302 36

231 3324 263 3374 18
282 3319 532 3388 προυγειρίσαυτοῖ
593 3323 625 3372 19
644 3311 833 3386 προύκρινενθ
898 3323 931 3372 21
951 3316 1100 3386 συνέδριον
1119 3312 1207 3403 <5qu-

193 3391 235 3443 λει
254 3389 373 3444 σενᾶτον
392 3383 430 3460 ὃ)
449 3405 471 3443 ο.
491 3388 593 3442 Reiske
612 3385 761 3456 συνέδριον
779 3383 874 3460 (κατὰ
900 3383 952 3476 τήν
976 3385 1029 3459 μὲν
1055 3383 1207 3458 έπιγωριον

194 3456 342 3514 διάλεκτον
370 3464 498 3515 καλεῖται
525 3457 661 3526 Σενάτος,
689 3459 773 3513 τούτο
801 3458 833 3515 δὲ
858 3455 890 3514 τὸ
918 3459 1031 3532 ονομα)
1050 3454 1208 3528 Ἑλληνιστὶ

194 3547 217 3586 c.
237 3530 326 3586 Cobet
344 3531 410 3585 Oba.
429 3549 456 3600 p.
477 3536 510 3587 42
585 3536 618 3584 23
639 3524 729 3593 οὕτως
746 3525 803 3585 ύπδ
822 3525 964 3601 Ῥωμαίων
983 3532 1008 3586 A
