2682 3982
556 225 721 280 -B-

128 380 512 473 βουλεύματος’άρξασα
543 387 599 455 καί
631 385 693 475 τήν
720 383 908 475 ἡγεμονίαν
937 391 1060 472 ἔχουσα
1086 391 1146 474 τής
1241 445 1245 452 ,

12 537 14 543 1
128 494 306 578 πρεσβείας
319 487 471 579 Ἑρσιλία
488 491 618 581 μακράν
636 494 692 561 καί
711 497 874 581 συμπαθή
894 495 1050 580 διεξῆλθε
1069 495 1145 580 δέη-

129 615 201 682 σιν,
224 595 365 678 ἀξιοῦσα
387 605 592 688 χαρίσασθαι
619 596 682 688 τήν
710 600 850 688 εἰρήνην
873 613 946 680 ταῖς
969 600 1145 687 δεομέναις

128 701 213 792 ὑπὲρ
240 707 309 772 τῶν
337 701 490 793 ἀνδρῶν,
519 705 565 774 δι’
595 703 636 787 δὶς
662 708 880 794 ἐξενηνέχθαι
908 704 969 776 τὸν
995 704 1144 794 πόλεμον

129 807 331 898 ἀπέφαινεν·
355 811 407 899 ἐφ’
435 807 485 893 οἷς
513 813 551 882 δέ
572 813 775 902 γενήσονται
804 817 947 893 δικαίοις
970 816 1007 881 αἰ
1029 811 1144 880 διαλύ-
1170 831 1184 874 ⁶

130 937 209 1004 σεις,
231 917 311 999 τοὺς
333 916 503 1007 ἡγεμόνας
528 917 652 1000 αύτούς
680 919 913 1001 συνελθόντας
935 917 988 1007 ἐφ’
1015 919 1144 988 ἑαυτῶν

131 1025 445 1113 διομολογήσασθαι
471 1023 555 1114 πρὸς
582 1023 620 1096 τὸ
648 1031 747 1116 κοινή
780 1027 955 1114 συμφέρον
985 1023 1145 1113 δρῶντας.

218 1133 400 1200 XXXXVL
441 1137 586 1202 Τοιαῦτα
614 1137 770 1202 εἰποῦσαι
797 1131 991 1222 προύπεσον
1019 1129 1145 1202 ἅπασαι

128 1241 199 1306 τῶν
221 1236 293 1315 τοιῖ
305 1242 469 1325 βασιλέως
491 1239 647 1327 γονάτων
670 1237 738 1328 ἅμα
751 1254 827 1321 ,τοίς
846 1241 977 1320 τέκνοις
998 1240 1054 1308 ιιαί
1079 1242 1145 1309 διέ-

129 1371 235 1432 μενον
259 1348 467 1433 ἐρριμμέναι,
489 1349 572 1427 τέως
599 1344 788 1435 ἀνέστησαν
816 1345 919 1428 αύτδις
946 1349 982 1416 έιι
1003 1351 1062 1435 τῆς
1083 1349 1146 1434 γής
1160 1375 1186 1416 ιο

130 1454 167 1519 οἰ
181 1451 346 1540 παρόντες
367 1450 500 1522 ἅπαντα
522 1452 677 1540 ποιήσειν
700 1452 740 1522 τά
762 1455 881 1542 μέτρια
903 1455 959 1522 καί
978 1451 1061 1541 <τίι>
1086 1457 1146 1522 δυ-

129 1555 214 1626 νατά
233 1555 507 1646 ὑπισχνούμενοι.
549 1559 834 1648 μεταστησάμενοι
854 1559 892 1628 δέ
911 1559 1012 1642 αύτάς
1031 1563 1067 1629 έιι
1084 1563 1146 1630 τού

131 1668 315 1753 συνεδρίου
344 1666 400 1734 καί
431 1665 700 1754 βουλευσόμενοι
731 1664 811 1734 καθ’
836 1664 976 1746 έαντοδς
1008 1671 1145 1755 ἔκριναν

129 1779 304 1840 ποιεῖσθαι
331 1771 390 1852 τάς
413 1771 604 1859 διαλλαγάς.
648 1773 704 1840 καί
731 1777 886 1859 γίνονται
912 1787 984 1853 τοῖς
1006 1779 1145 1842 ἔθνεσιν

130 1878 305 1965 ἐκεχειρίαι
329 1878 391 1967 μέν
413 1883 562 1968 πρῶτον·
596 1885 707 1948 ἔπειτα
730 1878 972 1948 συνελθόντων
994 1883 1063 1948 τῶν
1085 1885 1145 1967 βα·
1161 1903 1185 1945 ιε

73 1987 257 2054 οεοσιλέων
281 1991 452 2074 συνθήιιαι
479 1989 555 2076 περί
571 1993 706 2080 φιλίας.
750 1979 795 2075 ήυ
824 1987 862 2056 δέ
890 1986 931 2056 τδι
958 1985 1180 2075 συνομολο-2

129 2094 280 2178 γηθέυτα
307 2107 378 2174 τοίς
404 2092 566 2184 άνδράσι,
593 2095 669 2184 περὶ
698 2085 746 2162 ὧν
773 2093 853 2174 τοὺς
882 2091 1005 2182 ὅρκους
1034 2093 1145 2181 ἐποιή-

130 2217 245 2286 σαντο,
267 2198 395 2268 τοιάδε·
418 2203 575 2287 βασιλέας
598 2199 660 2288 μδν
679 2197 768 2269 εἰναι
781 2198 955 2288 Ῥωμαίων
971 2196 1144 2288 Ῥωμύλον

129 2306 186 2374 ιιαί
213 2305 337 2376 Τάτιον
361 2306 553 2395 ἰσοψήφους
575 2306 677 2388 ὄντας
698 2309 754 2376 ιιαί
776 2305 873 2395 τιμὰς
889 2311 1145 2397 καρπουμένους

130 2411 190 2492 τὰς
208 2423 292 2500 ἰσας,
306 2423 484 2484 καλεῖσθαι
504 2413 543 2482 δέ
555 2412 617 2502 τήν
632 2414 694 2502 μὲν
708 2413 809 2484 πόλιν
825 2405 878 2484 έπί
895 2419 956 2484 τού
970 2420 1145 2498 κτίσαντος
1159 2441 1186 2482 εο

130 2519 169 2588 τὸ
192 2519 274 2590 αὐτὸ
298 2521 538 2609 φυλάττουσαν
557 2520 666 2610 ὄνομα
684 2519 828 2610 Ῥάμην,
846 2522 903 2590 aaz
922 2523 981 2590 ἕνα
1005 2524 1144 2594 θιαστον

130 2631 200 2696 τῶν
228 2630 265 2696 έν
293 2626 376 2717 αύτή
402 2633 550 2699 πολιτῶν
573 2626 755 2716 Ῥωμαίου,
788 2624 834 2708 ὡς
859 2626 1039 2718 πρότερον,
1067 2629 1147 2711 τοὺς

132 2733 171 2802 δέ
198 2733 393 2822 σύμπαντας
424 2735 476 2803 έπί
503 2739 562 2822 τῆς
593 2740 716 2804 Τατίου
744 2737 906 2825 πατρίδος
934 2740 1031 2826 κοινή
1055 2762 1146 2825 περι-

130 2844 410 2943 λαμβανομένους
436 2841 552 2929 κλήσει
583 2848 746 2930 Κυρίτας·
777 2841 966 2913 πολιτεύειν
1000 2841 1037 2911 δέ
1068 2841 1147 2924 τοὺς

130 2951 362 3037 βουλομένους
389 2953 552 3035 Σαβίνων
584 2949 622 3018 έν
640 2945 748 3039 Ῥώμη
778 2948 851 3036 ἰερά
882 2975 918 3018 τε
946 2967 1146 3036 συνενεγκα·
1160 2975 1186 3018 τε

132 3058 257 3144 μένους
283 3056 339 3124 καί
367 3060 416 3135 εἰς
442 3053 552 3143 φυλάς
574 3056 630 3124 καί
663 3061 710 3136 εἰς
738 3055 890 3144 φράτρας
917 3056 1145 3136 ἐπιδοθέντας.

203 3292 219 3342 ὁ
239 3282 402 3358 ἀπέφαινεν
426 3288 480 3344 del.
504 3287 632 3343 Herfilein
654 3286 771 3342 Hermes
790 3286 816 3341 X
839 3305 866 3357 p.
885 3292 939 3342 410
1018 3292 1051 3341 10
1076 3283 1147 3349 τέως

131 3358 208 3413 ABa
230 3357 283 3422 ἕως
302 3359 349 3414 Bb
431 3364 463 3412 11
488 3353 544 3413 *τά
569 3358 666 3414 addidi
688 3376 743 3415 om.
770 3357 793 3412 0
877 3363 909 3412 15
934 3352 1147 3426 ένιιεχειρίαιΒ

131 3431 348 3563 Ξὲςβρσιέἑρρίθ
404 3437 438 3485 26
458 3428 500 3493 εἰς
524 3427 693 3500 φράτραςΒ
722 3427 763 3492 εἰς
782 3429 880 3485 om.R
904 3429 909 3501 Ι
935 3424 1146 3497 έπιδιαιρεθέν-
