2670 3984
618 212 782 264 ..ς-

191 369 420 466 τὴνιάπάτην,
444 369 559 458 ἐπειδὴ
582 368 833 459 κατεσκευάσθη
861 367 899 438 τὸ
922 381 1030 456 τεῖχος
1052 373 1210 458 φλαῦρον

192 476 365 560 ἀποδεῖξαι
391 476 429 546 τό
459 483 565 566 ἔρυμα
592 475 820 564 βουλόμενον,
844 473 942 544 Ἀλλὰ
969 475 1070 544 τοῦτό
1093 474 1140 563 γ’,
1163 481 1209 544 εί-

192 597 283 672 πείν,
316 581 359 654 ού
389 587 540 673 χαλεποῖς
571 582 614 652 ἀν
645 611 695 664 τις
729 580 810 670 ὑμῖν
837 579 1006 670 1ὑπερβαίη
1038 584 1210 670 πολέμιος,

192 689 302 781 ὥσπερ
330 690 413 778 ίγύ·
449 691 506 758 καὶ
539 689 656 759 αύτίκα
690 687 936 778 ὑπεραλέσθαι·
972 690 1136 778 Κελέριον
1169 691 1213 758 δέ

152 827 165 870 ι
191 824 269 866 τινα
291 801 359 867 τῶν
383 797 630 885 ἐπιβεβηκότων
653 800 714 865 τοῦ
736 800 881 884 τείχους,
905 791 942 877 ὃς
965 787 1008 882 ἦν
1032 795 1211 883 ἐπιστάτης

191 908 261 974 τῶν
284 910 404 992 ἔργων,
424 901 522 972 Ἀλλδι
540 903 665 974 ,τοῦτόν
682 930 720 989 γε
738 902 798 972 τὸν
816 903 977 990 πολέμιον
997 899 1040 971 ού
1057 905 1211 990 χαλεπῶς

193 1009 235 1080 ἀν
250 1037 299 1092 τις
313 1008 409 1098 ημῶν
423 1008 600 1098 ἀμύναιτο,
611 1011 760 1097 εἰπόντα,
770 1013 889 1097 πλῆξαι
904 1035 949 1139 τρι
933 1013 1114 1101 σκαφείφ
1123 1008 1208 1078 κατὰ
1315 1101 1316 1108 ρ

193 1145 251 1205 της
273 1121 421 1246 κεφαλης
444 1119 500 1186 καὶ
524 1116 603 1187 αύτί
600 1145 643 1186 κα
666 1115 871 1188 ἀποκτείναι·
903 1115 940 1184 τὸ
964 1115 1026 1204 μὲν
1048 1113 1090 1203 δὴ
1113 1118 1209 1197 τέλος
1315 1119 1316 1122 ’

191 1229 251 1312 τῆς
273 1223 419 1304 στάσεως
445 1249 513 1292 των
541 1222 701 1312 ἀδελφῶν
722 1227 856 1294 τοιοῦτο
885 1224 1013 1310 λέγεται
1037 1224 1209 1309 γενέσθαι.

153 1358 180 1400 ιο
277 1332 490 1400 LXXXVIII.
511 1328 601 1400 Ἐπεί
616 1331 653 1400 δὲ
668 1328 773 1400 οὐδὲν
787 1323 867 1399 ἐπ’
848 1357 891 1418 ην
906 1333 1121 1417 ἑμποδῶν”
1075 1355 1121 1422 τφ
1135 1335 1204 1398 κτί-
1209 1350 1262 1402 228

194 1457 293 1525 σματι
311 1436 482 1526 προειπὼν
502 1435 520 1506 δ
539 1435 708 1525 Ῥωμύλος
722 1435 905 1525 (ἡμέραν),
920 1427 991 1526 ἐνῇ
1010 1435 1090 1517 τοὺς
1103 1435 1209 1516 θεοὺς

193 1542 399 1632 ἀρεσάμενος
422 1548 535 1631 ἔμελλε
557 1542 620 1630 τὴν
643 1542 751 1632 ἀρχὴν
769 1547 838 1614 τόν
859 1549 967 1630 ἔργων
986 1542 1208 1631 ποιήσασθαι,

192 1649 531 1738 παρασκευασάμενός
557 1675 594 1719 τε
626 1648 689 1719 ὅσα
721 1655 770 1731 είς
800 1656 924 1730 θυσίας
955 1651 1011 1718 καὶ
1038 1647 1209 1738 ὑποδοχὰς

193 1760 255 1826 τού
277 1755 341 1826 λεεδ
355 1763 535 1845 ’χρησίμως
558 1757 644 1838 ἕξειν
665 1762 811 1844 ἔμελλεν,
830 1754 876 1836 ὡς
897 1748 978 1843 ἧκεν
998 1753 1016 1825 ό
1036 1762 1207 1844 συγκείμε-

153 1891 179 1932 ιι
193 1891 252 1944 νος
278 1862 401 1954 χρόνος
427 1861 530 1944 αύτός
555 1891 591 1932 τε
618 1862 795 1952 προθύσας
821 1875 891 1944 τοῖς
920 1873 1015 1944 θεοῖς
1041 1864 1097 1932 καί
1128 1862 1208 1945 τούς

192 1967 316 2050 ἀλλους
342 1968 501 2050 κελεύσας
531 1967 615 2037 κατὰ
649 1968 797 2057 δύναμιν
823 1967 860 2037 τὸ
889 1966 973 2038 αὐτὸ
1001 1973 1088 2054 δρᾶν
1116 1968 1206 2060 ὅρνι-

192 2087 258 2158 θας
276 2077 337 2165 μὲν
352 2081 487 2162 πρῶτον
506 2081 639 2156 αίσίους
656 2075 835 2163 λαμβάνει·
857 2074 938 2162 μετὰ
957 2075 995 2143 δὲ
1008 2079 1108 2146 τούτο
1127 2101 1207 2165 πυρ

191 2183 288 2264 καϊάς
309 2181 374 2268 πρὸ
397 2187 465 2252 τόν
489 2186 624 2270 σκηνῶν
647 2183 807 2268 γενέσθαι
831 2182 990 2262 κελεύσας
1012 2182 1122 2270 ἐξάγει
1144 2183 1205 2253 τὸν
1320 2191 1321 2196 ’

92 2277 95 2284 ’
192 2288 278 2358 λεὼν
305 2288 365 2368 τάς
392 2288 520 2375 φλόγας
547 2286 834 2377 ὑπερθρώσκοντα
861 2291 920 2376 τῆς
948 2286 1115 2370 ὁσιώσεως
1137 2295 1207 2358 τόν

152 2423 179 2464 ιο
192 2395 389 2482 μιασμάτων
413 2397 518 2464 ἕνεκα.
564 2396 632 2464 ἐπεὶ
658 2395 696 2464 δὲ
718 2399 798 2482 πάν,
817 2393 901 2464 όσον
924 2387 968 2482 ἦν
987 2397 1023 2464 ἐκ
1041 2399 1206 2484 λογισμοῦ

151 2510 286 2581 2θεοῖς
313 2509 431 2589 φίλον,
469 2500 551 2594 ςόετο
583 2507 775 2590 πεπρᾶχθαι
807 2503 948 2582 καλέσας
979 2499 1127 2583 ἅπαντας
1159 2506 1207 2584 είς

190 2605 252 2676 τὸν
275 2605 520 2694 ἀποδειχθέντα
537 2609 642 2677 τόπον
664 2610 862 2696 περιγράφει
889 2609 1103 2696 τετράγωνον
1126 2614 1202 2698 σχῆ-

191 2741 237 2802 μα
263 2718 308 2805 τῷ
336 2713 446 2804 λόφῳ,
474 2712 556 2800 βοὸς
588 2713 730 2802 ἀρρενος
756 2713 825 2802 ἅμα
856 2721 979 2806 θηλείᾳ
1010 2716 1208 2802 ζευχθέντος

190 2818 248 2889 ὑπ’
273 2819 420 2908 ἀροτρον
444 2819 585 2902 ἑλκύσας
607 2819 737 2891 αύλακα
765 2825 902 2908 διηνεκῆ
929 2821 991 2908 τὴν
1015 2811 1207 2909 μέλλουσαν

150 2956 176 2998 ιι
189 2925 413 3009 ὑποδέξεσθαι
435 2925 474 2996 τὸ
497 2941 618 3016 τεῖχος·
641 2930 675 3010 ἐξ
699 2919 741 2996 ού
755 2925 930 3016 Ῥωμαίοις
947 2927 985 2996 τὸ
1007 2933 1087 3008 ἔθος
1104 2932 1207 2997 τούτο

263 3128 281 3176 4
298 3117 510 3192 υπεραλλεοθοιι
528 3120 595 3178 Α
581 3143 653 3191 οπερ
655 3119 783 3178 ύλοισθαι
807 3123 896 3178 Cobet
913 3124 932 3178 l
947 3123 966 3178 l.
1040 3129 1056 3178 9
1077 3123 1162 3178 τοῦτο
1180 3123 1208 3177 A

193 3199 226 3248 10
246 3191 310 3248 ἐπεὶ
328 3192 360 3248 δὲ
380 3194 523 3264 Kiessling
551 3144 708 3264 ἐπειδὴδὲ
732 3195 757 3248 Α
786 3189 849 3249 ἐπεὶ
867 3191 903 3263 δὴ
923 3195 946 3248 Β
968 3196 973 3262 Ι
997 3191 1052 3265 ἔτι]
1071 3195 1208 3250 αίτιονΒ

228 3269 261 3319 11
281 3261 391 3335 ἡμέραν
419 3265 483 3319 add.
514 3265 617 3320 Reiske
699 3271 732 3320 12
756 3261 929 3335 ποιήσεσθαι
951 3264 1093 3334 Hermia,
1117 3264 1209 3322 Cobet

192 3331 258 3390 14
246 3355 261 3390 ο
285 3332 510 3423 συγκείμενος
493 3357 531 3399 ως
553 3355 606 3406 ηκε
630 3337 653 3390 Β
736 3341 769 3392 16
793 3286 913 3400 καλέσας
936 3338 960 3390 Β
1043 3335 1209 3400 17αίοίοος

191 3405 335 3477 Kiessling
358 3403 509 3533 ἀετούςΟΟ
591 3413 624 3462 19
648 3404 751 3462 λεάΑ
832 3414 865 3462 23
890 3403 939 3464 διδ
964 3403 1078 3479 βοόςο.
1102 3409 1209 3464 Βεὶεὶτο

191 3483 226 3532 25
245 3425 335 3532 {mod}
337 3477 484 3543 ξασθαιΟ
670 3517 672 3522 .
