2670 3984
572 229 738 284 ..Β-

144 385 275 473 νόμους
297 383 366 473 ἅμα
392 401 462 467 τοῖς
490 387 696 469 ἐπεισάκτοις
724 391 761 457 έν
785 387 893 481 ἀγορᾷ
920 400 1035 460 θεῖναι
1059 417 1161 480 φανε-

144 489 226 578 ροὺς
255 489 357 560 άπασι
386 506 456 574 τοϊς
483 499 649 580 πολίταις,
681 499 739 563 ἵνα
767 494 812 583 μὴ
841 503 1092 588 συμμεταπίπτῃ
1120 497 1161 568 τά

143 597 244 666 κοινά
263 601 375 666 δίκαια
393 613 465 681 ταῖς
487 604 556 668 τῶν
579 599 755 689 ἀρχόντων
780 605 957 689 ἐξουσίαις,
982 609 1017 672 οἱ
1038 606 1160 692 λαβόν-

142 731 195 784 τες
218 703 307 792 παρὰ
330 710 392 774 τοῦ
417 706 528 794 δήμου
550 705 612 794 τὴν
637 710 793 790 ἐξουσίαν
821 713 880 797 τῆς
903 715 1102 799 συναγωγῆς
1124 740 1160 782 τε

142 811 198 878 καί
226 809 428 900 ἀναγραφῆς
455 811 566 882 αὐτῶν
596 815 676 883 δέκα
704 813 827 904 ἀνδρες
856 815 923 905 ἅμα
946 831 1016 898 τοῖς
1044 816 1185 900 άλλοιςῦ

142 915 340 1006 ἀνέγραψαν
364 919 496 1006 νόμοις,
526 921 581 987 καὶ
610 925 701 989 ἔστιν
726 923 762 990 έν
785 927 825 1011 τῇ
853 923 991 1013 τετάρτῃ
1015 929 1084 994 τῶν
1107 933 1159 994 λε-

143 1027 298 1112 γομένων
323 1024 455 1094 δῶδεκα
474 1028 612 1113 δέλτων,
636 1023 676 1108 ἀς
700 1026 868 1098 ἀνέθεσαν
892 1033 930 1099 έν
949 1029 1064 1122 ἀγορᾷ.
1107 1030 1158 1102 δτι
1177 1025 1200 1088 4

143 1131 176 1199 δ’
204 1131 264 1219 οὐχ
288 1136 323 1200 οί
344 1131 467 1221 ἀνδρες
490 1135 570 1202 δέκα
599 1138 633 1202 οί
653 1139 858 1223 τριακοσίοις
884 1141 992 1205 ἔτεσιν
1015 1135 1158 1228 ὕστερον

143 1238 401 1326 ἀποδειχθέντες
420 1241 472 1308 ἐπὶ
494 1239 557 1328 τὴν
577 1240 780 1330 ἀναγραφὴν
804 1247 872 1312 τῶν
897 1244 1013 1332 νόμων
1032 1250 1159 1333 πρῶτοι

141 1349 264 1415 τοῦτον
282 1347 503 1434 εἰσηγήσαντο
522 1347 582 1416 τδν
606 1348 714 1436 νόμον
729 1347 914 1437 Ῥωμαίοις,
929 1349 1002 1419 ἀλλ’
1024 1354 1060 1420 έιι
1078 1361 1158 1422 πολ·
1172 1371 1200 1410 1⁰
1268 1425 1271 1432 ,

141 1456 205 1519 λοῦ
233 1457 388 1540 κείμενον
416 1454 667 1542 παραλαβόντες
700 1454 761 1524 οάκ
794 1457 981 1544 ἐτόλμησαν
1012 1457 1159 1546 ἀνελεῖν,

142 1561 178 1626 έκ
200 1565 335 1628 πολλῶν
363 1560 424 1647 μέν
452 1562 508 1628 καί
535 1559 648 1630 ἀλλων
677 1563 991 1651 καταλαμβάνομαι,
1015 1565 1158 1651 μάλιστα

141 1664 173 1732 δ’
196 1669 231 1734 ἐκ
249 1671 318 1735 τῶν
332 1667 434 1754 Νόμα
449 1675 644 1755 Πομπιλίου
662 1673 723 1736 τοῦ
746 1667 826 1756 μετά
841 1667 1017 1756 Ῥωμύλου
1036 1670 1157 1760 ἀρξαν-

140 1799 198 1852 τος
225 1773 357 1860 νόμων,
387 1777 423 1843 έυ
453 1769 503 1854 οἷς
530 1776 587 1843 καὶ
615 1766 713 1854 οὗτος
741 1764 937 1864 γέγραπται·
961 1774 1020 1844 έάυ
1047 1779 1157 1865 πατήρ

140 1883 203 1970 υίῶ
229 1880 429 1970 συγχωρήσῃ
456 1897 601 1967 γυναῖκα
629 1879 817 1968 ἀγαγέσθαι
846 1882 1017 1952 κοινωνόν
1042 1885 1156 1970 έσομέ-
1171 1901 1198 1942 1⁵

139 2013 205 2072 νην
231 1990 331 2074 ιἐρῶν
354 1989 462 2056 τεκαὶ
482 1988 661 2077 χρημάτων
680 1987 762 2058 κατά
781 1986 861 2068 τοὺς
883 1986 1023 2076 νόμους,
1042 1991 1157 2075 μηκέτι

139 2091 202 2180 τὴν
225 2095 380 2174 ἐξουσίαν
409 2091 496 2162 εἶναι
525 2099 570 2186 τῷ
593 2096 693 2182 πατρὶ
718 2102 844 2162 πωλεῖν
866 2093 928 2162 τὸν
952 2095 1046 2164 υίόν·
1075 2093 1156 2184 ὅπερ

140 2197 202 2266 οὐκ
231 2194 273 2266 ἀν
303 2185 448 2287 ἔργαψεν
477 2205 508 2268 εί
534 2200 578 2288 μὴ
605 2200 687 2270 κατά
715 2199 794 2281 τοὺς
820 2203 1005 2288 προτέρους
1029 2201 1157 2290 νόμους

85 2304 290 2386 ννοάπαντας
308 2309 385 2394 έξῆυ
405 2311 452 2398 τῷ
471 2309 570 2396 πατρὶ
588 2316 713 2376 πωλεῖν
733 2307 813 2387 τοὺς
830 2307 934 2387 υίοός.
971 2307 1048 2376 ἀλλ’
1069 2306 1154 2398 ὑπὲρ
1174 2309 1196 2376 5

138 2413 201 2498 μέν
225 2413 356 2482 τούτων
378 2412 462 2500 άλις,
485 2414 652 2501 βούλομαι
676 2414 713 2482 δὲ
736 2415 791 2482 καὶ
814 2413 874 2482 τὸν
898 2413 1003 2483 ἀλλον
1028 2416 1080 2484 έπὶ
1103 2443 1155 2484 κε-
1169 2443 1197 2482 ιο

139 2525 294 2606 φαλαίων
328 2523 478 2588 διελθεῖν
510 2520 654 2607 κόσμον,
688 2512 716 2612 φ’
750 2519 828 2600 τοὺς
859 2525 927 2589 τῶν
961 2525 1107 2592 ἰδιωτῶν
1136 2522 1154 2592 ὁ

133 2622 302 2712 Ῥωμύλος
326 2625 489 2713 έκόσμῃσε
512 2633 618 2713 βίους.

229 2733 381 2800 XXVIII.
406 2729 512 2820 Ὁρῶν
535 2733 600 2821 γάρ
625 2731 676 2802 ὅτι
698 2732 736 2802 τὸ
758 2733 943 2822 σωφρόνως
967 2739 1026 2821 ζῆν
1050 2734 1154 2804 ἀπαυ-

136 2865 196 2917 τας
215 2840 270 2906 καί
289 2837 328 2906 τά
353 2842 465 2906 δίκαια
488 2839 552 2927 πρὸ
577 2844 645 2908 τῶν
668 2841 858 2928 κερδαλέων
881 2843 1052 2930 αίρεῐσθαι
1076 2870 1153 2931 καρ-

136 2951 251 3032 τερίαν
284 2973 319 3014 τε
347 2943 408 3033 τὴν
435 2945 524 3033 παρά
552 2945 630 3026 τοὺς
657 2947 785 3026 πόνους
813 2945 928 3015 ἀσκεῖν
948 2949 1012 3015 καὶ
1045 2950 1151 3035 μηδὲν
1167 2973 1194 3012 25

137 3049 390 3140 ὑπολαμβάνειν
427 3056 536 3140 χρῆμα
572 3053 770 3142 τιμιῶτερου
807 3052 925 3142 ἀρετῆς
963 3053 1004 3122 οὐ
1040 3055 1152 3141 λόγων

211 3289 226 3337 8
246 3281 317 3338 δέκα
342 3281 371 3338 οἷ
391 3279 547 3372 τριακόσιοι
570 3278 688 3354 ὕστερον
711 3288 736 3340 Α
765 3284 793 3340 οἶ
810 3281 911 3355 ἄνδρες
935 3282 965 3340 οἴ
981 3284 1061 3352 δέκα,
1081 3285 1108 3341 οἳ
1128 3305 1150 3343 ο.

137 3355 241 3409 Reiske
261 3351 291 3408 οί
312 3357 384 3410 δέκα
407 3357 510 3424 ανδρες
533 3373 555 3410 ο.
576 3354 665 3411 Οοθυλ
688 3357 753 3411 Obs.
773 3375 799 3427 p.
818 3363 852 3411 46
925 3362 941 3411 9
961 3351 1151 3427 ἀναδειχθέν-

135 3427 223 3487 τεςΒ
247 3430 250 3494 Ι
277 3421 324 3480 έπί
347 3428 379 3498 τῇ
404 3421 557 3496 ἀναγραφῇ
582 3445 605 3482 ο,
629 3427 767 3483 Bficheler
841 3433 874 3482 10
892 3424 1012 3498 βωμαῐοι
1035 3424 1086 3482 τὸν
1104 3425 1151 3483 νό-

136 3515 191 3566 μον
210 3499 235 3551 A
282 3503 315 3552 15
334 3505 457 3566 γυναῖκα
477 3499 568 3552 om.B
622 3504 656 3552 20
673 3493 720 3553 έπί
733 3500 880 3570 κεφαλαίῳ
896 3497 928 3568 O,
943 3516 1012 3556 corr.
1029 3500 1151 3572 Sylburg

191 3605 291 3646 Βιοιικε,
304 3606 368 3644 Hm.
381 3605 400 3645 Ι.
415 3615 454 3646 κο.
467 3606 567 3647 σεοοττ.
958 3595 990 3643 13
