2660 3986
604 219 769 270 -Γ..

179 375 270 464 παρὰ
297 381 483 465 Τυρρηνῶν
505 371 709 462 προσλαβόν
736 377 852 466 μακρῷ
877 372 919 461 δή
946 399 1013 443 που
1035 371 1115 453 τοὺς
1137 372 1197 442 άλ-

181 491 262 563 λους
289 482 541 562 οἰωνοσκόπους
568 480 731 568 ἅπαντας,
759 478 804 561 ὥς
832 486 934 568 ἔφην,
961 477 1197 568 ὑπερεβάλετο,

181 593 228 668 εἰς
250 585 382 669 ἁπάσας
402 615 437 658 τε
455 587 515 668 τὰς
533 589 698 676 δημοσίας
719 589 907 668 ἐπισκέψεις
930 589 966 655 οἰ
986 591 1044 673 τῆς
1066 585 1197 667 πόλεως

182 695 423 782 οἰωνομάντεις
451 693 513 764 οὐκ
541 693 624 764 ’όντα
656 695 692 763 ἐκ
723 697 783 762 τοῦ
814 692 1023 781 συστήματος
1053 693 1197 780 παρεκά-
1323 709 1325 744 ¹

154 811 266 874 ελουν
290 800 394 871 αὐτὸν
418 800 475 870 δεδι
497 799 560 889 τὴν
588 803 760 887 ἐπιτυχίαν
783 804 852 869 τῶν
876 798 1116 887 μαντευμάτων
1138 801 1197 868 καὶ

182 906 288 977 οὐθὲν
313 906 332 976 ό
354 935 386 976 τι
409 905 454 996 μὴ
479 907 609 989 δόξειεν
633 909 750 996 ἐκείνω
772 904 972 993 προῦλεγον.

269 1017 385 1084 LXXI.
414 1005 522 1094 Οὗτος
544 1011 563 1082 ό
583 1015 710 1100 Νέβιος
727 1013 924 1103 βουλομένῳ
942 1011 1022 1080 ποτὲ
1044 1016 1090 1104 τῷ
1105 1020 1197 1101 ΙΤαρ-

180 1126 286 1212 κυνίῳ
308 1135 397 1210 τρεῖς
419 1119 529 1208 φυλὰς
551 1121 665 1206 ἐτέρας
687 1117 862 1201 ἀποδεῖξαι
879 1120 958 1200 νέας
981 1121 1017 1188 ἐκ
1038 1122 1108 1189 τόν
1127 1117 1188 1208 ὑφ’
1197 1137 1250 1189 590

181 1225 286 1296 αὑτοῦ
325 1226 490 1314 πρότερον
526 1228 791 1315 κατειλεγμένων
834 1229 963 1296 ἰππέων
1005 1227 1062 1295 καὶ
1100 1232 1197 1314 ποιῆ-

142 1363 168 1404 ιι
182 1352 238 1402 σαι
264 1331 323 1414 τὰς
350 1335 528 1414 ἐπιθέτους
560 1332 670 1421 φυλάς
702 1333 823 1402 ἑαυτοῦ
850 1359 885 1402 τε
912 1334 969 1412 καὶ
998 1337 1068 1402 τῶν
1095 1338 1196 1402 ἰδίων

182 1443 324 1528 ἑταίρων
348 1439 547 1527 ἐπωνύμους
568 1439 674 1528 μόνος
696 1437 831 1508 ἀντεῖπε
852 1439 936 1508 κατὰ
958 1438 996 1508 τὸ
1019 1440 1197 1529 καρτερόν,

183 1545 245 1616 οὐκ
277 1549 342 1616 ἐῶν
374 1561 483 1616 κινεῖν
514 1551 582 1616 τῶν
614 1543 680 1614 ὑπὸ
709 1543 883 1632 Ῥωμύλου
914 1549 1196 1616 κατασταθέντων

141 1651 297 1723 θοόθέν.
348 1651 538 1741 ἀχθόμενος
566 1651 598 1720 δ’
624 1653 678 1722 ἐπὶ
704 1656 745 1740 τῇ
773 1651 918 1721 κωλύσει
940 1654 997 1722 καὶ
1020 1651 1066 1722 δι’
1093 1651 1225 1742 ὀργῆς

182 1765 268 1846 έχων
294 1758 355 1830 τὸν
383 1763 515 1847 Νέβιον
543 1757 562 1830 ὁ
590 1757 747 1846 βασιλεὺς
772 1765 974 1846 καταβαλεῖν
1005 1758 1110 1830 αὐτοῦ
1132 1759 1197 1848 τὴν

143 1897 168 1938 ιε
182 1867 367 1954 ἐπιστήμην
395 1872 443 1948 εἰς
469 1865 507 1936 τὸ
535 1866 643 1954 μηδὲν
671 1868 897 1956 ἐπεχείρησεν,
926 1865 971 1947 ὡς
997 1864 1197 1949 ἀλαζονευο-

181 1975 287 2060 μένου
309 1974 367 2041 καὶ
385 1972 496 2061 μηθὲν
519 1971 646 2060 ἀληθές
668 1974 833 2060 λέγοντος.
874 1977 979 2042 ταῦτα
999 1975 1198 2062 διανοηθεὶς

182 2079 291 2148 ε’κάλει
322 2080 384 2150 τὸν
415 2083 546 2168 Νέβιον
579 2081 632 2148 ἐπὶ
668 2078 706 2148 τὸ
738 2084 829 2166 βῆμα
865 2083 992 2149 πολλοῦ
1027 2080 1198 2167 παρόντος

182 2185 285 2274 όχλου
308 2185 391 2256 κατὰ
412 2185 475 2273 τὴν
497 2184 637 2275 ἀγοράν.
682 2187 940 2274 προδιαλεχθεὶς
967 2186 1005 2254 δέ
1027 2189 1197 2276 τοῖςπερὶ

182 2291 286 2362 αὐτὸν
319 2290 365 2361 δι’
400 2283 442 2362 οὗ
477 2292 606 2381 τρόπον
637 2289 870 2378 ψευδόμαντιν
907 2290 1097 2374 ἀποδείξειν
1133 2292 1196 2362 τὸν
1273 2297 1277 2306 ’

142 2429 168 2470 εο
183 2398 415 2468 οἰωνοσκόπον
437 2396 687 2486 ὑπελάμβανεν,
710 2395 823 2484 ἐπειδὴ
851 2400 1051 2485 παρεγένετο
1074 2407 1197 2485 φιλαν-

181 2503 334 2591 θρώποις
357 2503 462 2574 αὐτὸν
486 2504 674 2593 ἀσπασμοῖς
696 2503 889 2590 ἀναλαβών,
912 2509 1002 2590 Νῦν,
1027 2510 1102 2592 ἔφη,
1124 2533 1197 2574 και-

182 2610 240 2696 ρὸς
263 2614 498 2693 ἐπιδείξασθαί
518 2631 555 2682 σε
577 2610 639 2699 τὴν
662 2610 838 2700 ἀκρίβειαν
861 2615 920 2697 τῆς
943 2615 1103 2697 μαντικῆς
1126 2615 1196 2680 ἐπι-

182 2717 321 2806 στήμης,
358 2710 385 2784 ὦ
421 2720 535 2805 Νέβιε.
590 2718 706 2807 πράξει
747 2716 810 2805 γάρ
852 2720 1031 2805 ἐπιχειρεῖν
1067 2719 1196 2808 μεγάλη

183 2823 441 2911 διανοούμενος,
469 2830 500 2894 εἰ
525 2824 563 2894 τὸ
593 2823 741 2895 δυνατὸν
772 2822 856 2914 αὐτῇ
884 2823 1042 2911 πρόσεστι
1070 2835 1195 2912 μαθεῖν

141 2959 167 3000 τε
181 2931 356 3018 βούλομαι.
415 2927 491 3000 ἀλλ’
531 2931 631 3000 ἀπιθι
671 2935 727 3000 καί
771 2931 1100 3018 διαμαντευσάμενος
1135 2927 1196 3018 ἧκε

142 3039 319 3124 3ταχέως,
348 3035 412 3124 ἐγὼ
442 3036 473 3104 δ’
499 3038 626 3107 ἐνθάδε
648 3039 843 3126 καθήμενος
873 3036 1039 3125 ἀναμενῶ.
1086 3040 1250 3107 ε’ποίει591

181 3142 221 3211 τά
243 3143 446 3231 κελευόμενα
470 3141 487 3212 ὁ
512 3144 630 3232 μάντις
656 3145 711 3212 καὶ
739 3143 808 3232 μετ’
836 3141 877 3212 οὐ
899 3143 986 3212 πολὺ
1008 3149 1120 3232 παρῆν
1143 3151 1195 3213 αἰ·
1307 3131 1313 3162 ’

253 3345 269 3393 3
289 3358 319 3395 τε
338 3341 391 3394 ΑΒ
464 3346 479 3395 7
498 3339 635 3412 ν<ί>βιος
652 3339 675 3393 Β
694 3339 799 3410 passim
876 3345 893 3396 8
911 3335 966 3410 ἀφ’
986 3334 1076 3396 αὑτοῦ
1093 3341 1116 3394 Β
1139 3335 1193 3394 ὑπ’

182 3405 271 3466 αὐτοῦ
290 3413 316 3466 R
389 3418 420 3466 11
441 3405 545 3478 ἑτέρων
563 3413 588 3465 Α
609 3414 613 3480 Ι
633 3407 772 3480 κρατερόν
790 3412 815 3466 Α
892 3418 925 3466 23
944 3407 1089 3482 πράξινΟ
1113 3429 1194 3482 prae·

180 3484 225 3536 ter
243 3483 266 3536 B
282 3481 286 3554 Ι
303 3479 427 3552 μεγάλην
448 3482 469 3536 Ο
489 3485 601 3552 praeter
619 3483 642 3536 B
715 3487 748 3537 26
767 3477 900 3552 ἀναμένω
920 3485 945 3537 Α
