2660 3986
184 235 250 302 372
608 235 774 286 -Γ-

273 397 361 464 LIII.
393 400 472 473 Ταῖς
494 390 526 460 δ’
553 393 628 480 ἑξῆς
650 389 788 479 ἡμέραις
810 388 1016 478 ἀφικομένης
1037 403 1108 469 τοῖς
1130 393 1200 458 Λα·
1314 386 1315 466 ἶ

185 508 291 632 τένρις
323 500 435 588 ἑτέρας
471 496 561 583 παρά
597 502 784 587 Τυρρηνῶν
820 503 1008 585 συμμαχίας
1044 495 1202 583 δεύτερος

186 607 281 694 άγῶν
303 612 432 694 γίνεται
450 603 537 674 πολῦ
561 610 682 693 μείζων
705 631 766 673 του
751 605 960 691 προτέρου,
983 603 1016 684 ἐξ
1041 630 1081 671 ου
1066 594 1201 688 νίκην

186 713 374 802 ἀναιρεῖται
415 710 572 798 βασιλεῦς
613 710 800 841 Ταρκόνιρς
841 700 1183 798 ἐπιφανεστάτην,
1160 735 1202 795 ης

160 818 291 900 ιαύτὸς
327 826 432 911 αἴτιος
472 817 675 906 ὡμολογεῖτο
712 815 778 886 ἀπὸ
814 816 952 887 πάντων
987 820 1202 904 γεγενῆσθαι.

149 925 382 1015 Μινύου
422 952 486 1014 κιο
527 908 610 1014 ἤδη
633 928 693 1012 τῆς
718 921 902 1012 Ρνμιαῆε
938 924 1111 1012 φάλαινα
1146 922 1203 990 καὶ

187 1033 271 1104 κατὰ
293 1034 331 1103 τδ
356 1029 535 1120 ἀριστερόν
556 1033 655 1120 κέρας
672 1033 997 1120 παραρρηγνυμένης
1018 1028 1141 1118 μαθων
1163 1027 1202 1098 τό

188 1139 371 1227 γινόμενον
398 1137 569 1226 έλάττωμα
597 1139 673 1224 περὶ
704 1136 783 1218 τοὺς
814 1139 997 1226 σφετέρους
1024 1139 1133 1225 (ἔτυχε
1165 1135 1205 1203 δέ

188 1245 263 1316 τότε
290 1243 479 1332 μαχόμενος
506 1245 560 1314 ἐπὶ
591 1248 653 1313 τοῦ
686 1247 799 1326 δεξιοῦ
826 1245 976 1335 κέρατος)
1004 1243 1063 1324 τὰς
1089 1248 1259 1330 κρατί-654

149 1379 176 1426 ιν
190 1371 268 1432 στας
290 1355 360 1420 τῶν
384 1353 512 1420 ἱππέων
531 1359 605 1431 ἴλας
623 1352 822 1439 ἐπιστρέψας
838 1351 895 1420 καὶ
911 1355 981 1420 τῶν
1000 1354 1107 1434 πεζῶν
1125 1349 1207 1431 τοῦς

188 1455 433 1546 ἀκμαιοτάτους
455 1455 636 1544 ἀναλαβὸν
662 1451 725 1544 ἦγε
751 1455 835 1526 κατὰ
862 1456 974 1526 νότου
999 1462 1059 1545 τῆς
1082 1457 1206 1526 ἑαυτοῦ
1315 1371 1318 1544 ό

190 1568 347 1651 στρατιάς
368 1565 425 1632 καὶ
446 1563 660 1653 παραλλάξας
681 1561 719 1634 τό
739 1561 916 1651 ἀριστερὸν
934 1566 1033 1652 κέρας
1054 1562 1207 1652 ἤλαυνεν

191 1676 239 1742 ἔτι
261 1673 464 1758 προσωτέρω
486 1675 546 1758 τῆς
569 1671 751 1759 φάλαγγος.
789 1675 907 1740 ’ἔπειτα
931 1671 1130 1759 έπιστρέυας
1152 1672 1208 1739 έπδ
1317 1649 1319 1788 4

191 1777 277 1866 δόρυ
299 1779 355 1847 καὶ
382 1775 423 1846 τά
450 1779 572 1866 κέντρα
601 1775 806 1866 προσβαλῶν
827 1790 899 1858 τοῖς
920 1780 1034 1858 ἵπποις
1055 1781 1103 1857 εἰς
1124 1785 1209 1846 πλα-

151 1915 178 1957 u
191 1891 287 1972 γόους
313 1883 469 1970 ἐμβάλλει
500 1880 580 1964 τοῦς
616 1887 684 1952 τῶν
720 1887 906 1973 Τυρρηνῶν
938 1883 1059 1971 λόγους
1097 1874 1209 1970 (οῦτοι

191 1990 257 2079 γάρ
280 1991 333 2060 ἐπὶ
356 1995 418 2059 τοῦ
442 1993 555 2072 δεξιοῦ
580 1994 648 2060 τῶν
671 1996 841 2079 πολεμίων
864 1990 1049 2079 μαχόμενοι
1070 1990 1211 2078 κέρατος

192 2098 373 2185 ἐτρέψαντο
402 2094 482 2176 τοῦς
508 2094 590 2166 καθ’
622 2096 793 2186 ἑαυτούς),
824 2098 998 2185 διαφανεὶς
1030 2093 1063 2168 δ’
1093 2095 1211 2178 αὐτοῖς

160 2268 166 2274 .
193 2203 446 2290 ἀπροσδόκητος
481 2201 611 2290 πολλὴν
654 2204 810 2290 έιαιληξιν
851 2205 907 2273 καὶ
942 2203 1090 2293 ταραχὴν
1126 2229 1212 2293 παρ

154 2313 175 2379 3
194 2313 300 2399 έσηευ.
341 2311 378 2378 έν
403 2307 441 2378 δέ
462 2307 572 2401 τοάτφ
595 2310 652 2378 καὶ
674 2307 696 2397 ἡ
719 2308 798 2397 πεζὴ
823 2315 891 2380 τῶν
910 2308 1082 2398 Ῥωμαίων
1107 2311 1211 2380 δῦνα-

151 2445 181 2488 εο
195 2444 250 2505 μις
272 2413 491 2502 ἀναλαβοῦσα
514 2414 638 2502 ἑαυτὴν
661 2418 698 2484 έκ
719 2420 781 2516 τοῦ
797 2417 965 2507 προτέρου
983 2422 1138 2506 δείματος
1162 2425 1213 2500 εἰς

192 2521 357 2592 ἀντίπαλα
389 2522 521 2609 έγῶρει,
550 2522 607 2590 καὶ
640 2521 722 2610 μετὰ
756 2527 857 2594 τοῦτο
890 2522 998 2612 φόνος
1032 2549 1069 2594 τε
1104 2525 1214 2608 πολῦς

194 2633 262 2697 τῶν
290 2631 475 2715 Τυρρηνῶν
499 2629 703 2714 ἐγένετοκαὶ
726 2629 831 2720 τροπὴ
853 2635 916 2700 τοῦ
937 2633 1050 2713 δεξιοῦ
1072 2621 1213 2718 κέρατος

193 2735 366 2822 παντελής.
425 2733 613 2821 Ταρκύνιος
644 2736 682 2804 δὲ
717 2750 788 2818 τοῖς
823 2735 964 2826 ἡγεμόσι
999 2742 1069 2808 τῶν
1101 2743 1212 2822 πεζῶν

194 2840 398 2917 ἀκολουθεῖν
425 2840 584 2922 κελεύσας
611 2843 649 2911 έν
675 2841 789 2935 κόσμῳ
816 2845 872 2912 καὶ
899 2843 1010 2932 βάδην
1034 2843 1134 2926 αὐτὸς
1158 2848 1213 2915 έπλ

154 2975 182 3020 ιο
195 2949 232 3018 τὸ
266 2947 493 3034 στρατόπεδον
527 2947 643 3037 έχῶρει
675 2947 714 3018 τό
749 2953 820 3019 τῶν
854 2955 1025 3039 πολεμίων
1056 2951 1212 3022 έλαόνων

194 3053 275 3136 τοῦς
305 3059 428 3135 ἵππους
462 3052 529 3124 ἀνά
560 3055 698 3143 κράτος,
729 3055 868 3144 φθάσας
899 3058 937 3128 δὲ
973 3056 1054 3139 τοῦς
1084 3060 1121 3126 ἐκ
1152 3063 1214 3147 τῆς

196 3166 322 3287 τροπῆς
344 3160 623 3250 ἀνασωζομένους
645 3161 806 3252 ἐγκρατὴς
831 3169 960 3252 γίνεται
980 3169 1044 3234 τοῦ
1066 3164 1215 3254 χάρακος

271 3310 329 3358 1τ
314 3303 346 3376 τῇ
376 3299 405 3358 δ’
435 3299 542 3374 ἑξῆς
527 3303 620 3380 ημέρρι
601 3322 671 3360 αα
699 3303 844 3360 Portus
883 3311 900 3361 8
927 3304 1078 3390 γινόμενον
1106 3323 1162 3362 om.
1187 3311 1215 3364 A

199 3381 271 3430 131
255 3371 307 3462 τὴν
335 3370 413 3444 μάλα
394 3395 469 3464 αγγα
450 3377 517 3430 αΑ
599 3359 694 3447 14τῷ
723 3377 846 3452 ῒππφο.
869 3377 993 3434 ΒοαδΙοε
1015 3378 1106 3434 Τίτοο.
1129 3397 1158 3449 p.
1178 3386 1214 3435 31

199 3452 233 3501 18
252 3439 309 3514 ἀπρ
311 3444 432 3514 οσδοκήτ
433 3449 512 3509 ωςΑ
594 3454 628 3502 22
658 3431 812 3516 έγίνετοΒ
845 3443 1006 3518 ἕγένετοΒ
1082 3456 1117 3506 26
1145 3447 1217 3515 τοῦς

199 3517 303 3578 ἵππους
323 3515 378 3571 del.
397 3517 486 3572 Cobet
504 3517 569 3573 Obs.
589 3536 617 3588 p.
637 3525 670 3572 17
