<?xml version="1.0" encoding="UTF-8"?>
<!DOCTYPE html PUBLIC "-//W3C//DTD XHTML 1.0 Transitional//EN"
    "http://www.w3.org/TR/xhtml1/DTD/xhtml1-transitional.dtd">
<html xmlns="http://www.w3.org/1999/xhtml" xml:lang="en" lang="en">
 <head>
  <title>
</title>
<meta http-equiv="Content-Type" content="text/html;charset=utf-8" />
  <meta name='ocr-system' content='tesseract 3.04.00' />
  <meta name='ocr-capabilities' content='ocr_page ocr_carea ocr_par ocr_line ocrx_word'/>
</head>
<body>
  <div class='ocr_page' id='page_1' title='image "./dionysihalicarn05diongoog_0140.png"; bbox 0 0 2670 3984; ppageno 0'>
   <div class='ocr_carea' id='block_1_1' title="bbox 549 257 1140 322">
    <p class='ocr_par' dir='ltr' id='par_1_1' title="bbox 549 257 1140 322">
     <span class='ocr_line' id='line_1_1' title="bbox 549 257 1140 322; baseline -0.002 1"><span class='ocrx_word' id='word_1_1' title='bbox 549 258 713 310; x_wconf 83' lang='lat' dir='ltr'><strong><em>-A—</em></strong></span> <span class='ocrx_word' id='word_1_2' title='bbox 1076 257 1140 322; x_wconf 79' lang='lat'><strong><em>129</em></strong></span> 
     </span>
    </p>
   </div>
   <div class='ocr_carea' id='block_1_2' title="bbox 63 415 1180 2846">
    <p class='ocr_par' dir='ltr' id='par_1_2' title="bbox 118 415 1139 505">
     <span class='ocr_line' id='line_1_2' title="bbox 118 415 1139 505; baseline 0.002 -21"><span class='ocrx_word' id='word_1_3' title='bbox 118 415 278 504; x_wconf 77' lang='grc' dir='ltr'><em>Ἀμολίου</em></span> <span class='ocrx_word' id='word_1_4' title='bbox 304 415 346 486; x_wconf 85' lang='grc' dir='ltr'><strong><em>τά</em></strong></span> <span class='ocrx_word' id='word_1_5' title='bbox 372 419 482 504; x_wconf 84' lang='grc' dir='ltr'><strong><em>βρέφη</em></strong></span> <span class='ocrx_word' id='word_1_6' title='bbox 513 415 675 503; x_wconf 75' lang='grc' dir='ltr'><strong><em>λαβόντες</em></strong></span> <span class='ocrx_word' id='word_1_7' title='bbox 702 419 739 485; x_wconf 91' lang='grc' dir='ltr'><strong><em>έν</em></strong></span> <span class='ocrx_word' id='word_1_8' title='bbox 768 415 882 505; x_wconf 85' lang='grc' dir='ltr'><strong><em>σκάφη</em></strong></span> <span class='ocrx_word' id='word_1_9' title='bbox 910 422 1047 505; x_wconf 85' lang='grc' dir='ltr'><strong><em>κείμενα</em></strong></span> <span class='ocrx_word' id='word_1_10' title='bbox 1070 421 1139 486; x_wconf 76' lang='grc' dir='ltr'><strong><em>τῶν</em></strong></span> 
     </span>
    </p>

    <p class='ocr_par' dir='ltr' id='par_1_3' title="bbox 64 520 1180 1038">
     <span class='ocr_line' id='line_1_3' title="bbox 64 520 1140 611; baseline 0.007 -26"><span class='ocrx_word' id='word_1_11' title='bbox 64 577 67 585; x_wconf 91' lang='grc'>.</span> <span class='ocrx_word' id='word_1_12' title='bbox 119 520 299 611; x_wconf 76' lang='grc' dir='ltr'><strong><em>ὑπηρετῶν</em></strong></span> <span class='ocrx_word' id='word_1_13' title='bbox 330 549 421 604; x_wconf 87' lang='grc' dir='ltr'><strong><em>τινες</em></strong></span> <span class='ocrx_word' id='word_1_14' title='bbox 453 528 577 611; x_wconf 79' lang='grc' dir='ltr'><strong><em>ἔφερον</em></strong></span> <span class='ocrx_word' id='word_1_15' title='bbox 613 525 838 610; x_wconf 77' lang='grc' dir='ltr'><strong><em>ἐμβαλοῦντες</em></strong></span> <span class='ocrx_word' id='word_1_16' title='bbox 870 528 917 603; x_wconf 87' lang='grc' dir='ltr'><strong><em>είς</em></strong></span> <span class='ocrx_word' id='word_1_17' title='bbox 948 521 1009 592; x_wconf 84' lang='grc' dir='ltr'><strong><em>τὸν</em></strong></span> <span class='ocrx_word' id='word_1_18' title='bbox 1040 546 1140 592; x_wconf 89' lang='grc' dir='ltr'><strong><em>ποτα-</em></strong></span> 
     </span>
     <span class='ocr_line' id='line_1_4' title="bbox 120 626 1139 717; baseline 0 -19"><span class='ocrx_word' id='word_1_19' title='bbox 120 627 188 717; x_wconf 85' lang='grc' dir='ltr'><strong><em>μὸν</em></strong></span> <span class='ocrx_word' id='word_1_20' title='bbox 215 626 384 716; x_wconf 76' lang='grc' dir='ltr'><strong><em>ἀπέχοντα</em></strong></span> <span class='ocrx_word' id='word_1_21' title='bbox 414 634 473 717; x_wconf 81' lang='grc' dir='ltr'><strong><em>τῆς</em></strong></span> <span class='ocrx_word' id='word_1_22' title='bbox 499 629 629 710; x_wconf 87' lang='grc' dir='ltr'><strong><em>πόλεως</em></strong></span> <span class='ocrx_word' id='word_1_23' title='bbox 655 626 743 716; x_wconf 80' lang='grc' dir='ltr'><strong><em>ἀμφὶ</em></strong></span> <span class='ocrx_word' id='word_1_24' title='bbox 774 628 853 710; x_wconf 86' lang='grc' dir='ltr'><strong><em>τοῦς</em></strong></span> <span class='ocrx_word' id='word_1_25' title='bbox 882 627 1001 700; x_wconf 79' lang='grc' dir='ltr'><strong><em>ἑκατὸν</em></strong></span> <span class='ocrx_word' id='word_1_26' title='bbox 1034 639 1139 700; x_wconf 84' lang='grc' dir='ltr'><strong><em>είκοσι</em></strong></span> 
     </span>
     <span class='ocr_line' id='line_1_5' title="bbox 121 733 1180 823; baseline 0.001 -20"><span class='ocrx_word' id='word_1_27' title='bbox 121 739 291 815; x_wconf 86' lang='grc' dir='ltr'><strong><em>σταδίους.</em></strong></span> <span class='ocrx_word' id='word_1_28' title='bbox 346 737 417 805; x_wconf 81' lang='grc' dir='ltr'><strong><em>ἐπεὶ</em></strong></span> <span class='ocrx_word' id='word_1_29' title='bbox 455 735 492 805; x_wconf 72' lang='grc' dir='ltr'><strong><em>δέ</em></strong></span> <span class='ocrx_word' id='word_1_30' title='bbox 529 735 627 823; x_wconf 84' lang='grc' dir='ltr'><strong><em>έγγῦς</em></strong></span> <span class='ocrx_word' id='word_1_31' title='bbox 663 738 821 823; x_wconf 87' lang='grc' dir='ltr'><strong><em>έγένουτο</em></strong></span> <span class='ocrx_word' id='word_1_32' title='bbox 857 738 914 805; x_wconf 84' lang='grc' dir='ltr'><strong><em>καὶ</em></strong></span> <span class='ocrx_word' id='word_1_33' title='bbox 950 733 1045 806; x_wconf 86' lang='grc' dir='ltr'><strong><em>είδον</em></strong></span> <span class='ocrx_word' id='word_1_34' title='bbox 1077 737 1180 818; x_wconf 79' lang='grc' dir='ltr'><strong><em>ίξωθ</em></strong></span> 
     </span>
     <span class='ocr_line' id='line_1_6' title="bbox 120 841 1179 931; baseline 0.001 -22"><span class='ocrx_word' id='word_1_35' title='bbox 120 845 183 910; x_wconf 87' lang='grc' dir='ltr'><strong><em>τοῦ</em></strong></span> <span class='ocrx_word' id='word_1_36' title='bbox 207 848 353 928; x_wconf 79' lang='grc' dir='ltr'><strong><em>γνησίου</em></strong></span> <span class='ocrx_word' id='word_1_37' title='bbox 371 844 515 931; x_wconf 83' lang='grc' dir='ltr'><strong><em>βείθρου</em></strong></span> <span class='ocrx_word' id='word_1_38' title='bbox 536 841 598 912; x_wconf 89' lang='grc' dir='ltr'><strong><em>τδν</em></strong></span> <span class='ocrx_word' id='word_1_39' title='bbox 621 846 760 931; x_wconf 75' lang='grc' dir='ltr'><strong><em>Τέβεριν</em></strong></span> <span class='ocrx_word' id='word_1_40' title='bbox 777 841 843 912; x_wconf 82' lang='grc' dir='ltr'><strong><em>ὑπὸ</em></strong></span> <span class='ocrx_word' id='word_1_41' title='bbox 862 843 1039 931; x_wconf 83' lang='grc' dir='ltr'><strong><em>χειμάνων</em></strong></span> <span class='ocrx_word' id='word_1_42' title='bbox 1058 862 1139 913; x_wconf 89' lang='grc' dir='ltr'><strong><em>συν-</em></strong></span> <span class='ocrx_word' id='word_1_43' title='bbox 1166 869 1179 910; x_wconf 84' lang='grc' dir='ltr'><strong><em>ε</em></strong></span> 
     </span>
     <span class='ocr_line' id='line_1_7' title="bbox 121 947 1138 1038; baseline 0.002 -22"><span class='ocrx_word' id='word_1_44' title='bbox 121 952 209 1035; x_wconf 81' lang='grc' dir='ltr'><strong><em>εχιῦν</em></strong></span> <span class='ocrx_word' id='word_1_45' title='bbox 242 951 507 1038; x_wconf 74' lang='grc' dir='ltr'><strong><em>ἐκτετραμμένον</em></strong></span> <span class='ocrx_word' id='word_1_46' title='bbox 539 954 587 1029; x_wconf 89' lang='grc' dir='ltr'><strong><em>εἰς</em></strong></span> <span class='ocrx_word' id='word_1_47' title='bbox 618 947 659 1020; x_wconf 83' lang='grc' dir='ltr'><strong><em>τά</em></strong></span> <span class='ocrx_word' id='word_1_48' title='bbox 691 953 805 1036; x_wconf 89' lang='grc' dir='ltr'><strong><em>πεδία,</em></strong></span> <span class='ocrx_word' id='word_1_49' title='bbox 837 950 1041 1038; x_wconf 80' lang='grc' dir='ltr'><strong><em>καταβάντες</em></strong></span> <span class='ocrx_word' id='word_1_50' title='bbox 1072 947 1138 1019; x_wconf 85' lang='grc' dir='ltr'><strong><em>ἀπὸ</em></strong></span> 
     </span>
    </p>

    <p class='ocr_par' dir='ltr' id='par_1_4' title="bbox 73 1055 1179 1675">
     <span class='ocr_line' id='line_1_8' title="bbox 73 1055 1139 1144; baseline 0.004 -22"><span class='ocrx_word' id='word_1_51' title='bbox 73 1133 78 1142; x_wconf 29' lang='grc'>1</span> <span class='ocrx_word' id='word_1_52' title='bbox 120 1058 183 1122; x_wconf 86' lang='grc' dir='ltr'><strong><em>τοῦ</em></strong></span> <span class='ocrx_word' id='word_1_53' title='bbox 211 1061 432 1124; x_wconf 82' lang='grc' dir='ltr'><strong><em>Παλλαντίου</em></strong></span> <span class='ocrx_word' id='word_1_54' title='bbox 459 1059 517 1142; x_wconf 87' lang='grc' dir='ltr'><strong><em>τής</em></strong></span> <span class='ocrx_word' id='word_1_55' title='bbox 544 1059 698 1144; x_wconf 78' lang='grc' dir='ltr'><strong><em>κορυφῆς</em></strong></span> <span class='ocrx_word' id='word_1_56' title='bbox 726 1058 779 1126; x_wconf 80' lang='grc' dir='ltr'><strong><em>ἐπὶ</em></strong></span> <span class='ocrx_word' id='word_1_57' title='bbox 808 1055 846 1126; x_wconf 88' lang='grc' dir='ltr'><strong><em>τὸ</em></strong></span> <span class='ocrx_word' id='word_1_58' title='bbox 873 1059 1139 1144; x_wconf 76' lang='grc' dir='ltr'><strong><em>προσεχέστατον</em></strong></span> 
     </span>
     <span class='ocr_line' id='line_1_9' title="bbox 121 1155 1139 1253; baseline 0.003 -25"><span class='ocrx_word' id='word_1_59' title='bbox 121 1158 227 1248; x_wconf 79' lang='grc' dir='ltr'><strong><em>ὕδωρ,</em></strong></span> <span class='ocrx_word' id='word_1_60' title='bbox 244 1158 302 1251; x_wconf 84' lang='grc' dir='ltr'><strong><em>(οῦ</em></strong></span> <span class='ocrx_word' id='word_1_61' title='bbox 320 1159 384 1250; x_wconf 87' lang='grc' dir='ltr'><strong><em>γάρ</em></strong></span> <span class='ocrx_word' id='word_1_62' title='bbox 403 1167 450 1230; x_wconf 83' lang='grc' dir='ltr'><strong><em>ἔτι</em></strong></span> <span class='ocrx_word' id='word_1_63' title='bbox 464 1165 665 1251; x_wconf 82' lang='grc' dir='ltr'><strong><em>προσωτέρω</em></strong></span> <span class='ocrx_word' id='word_1_64' title='bbox 679 1175 801 1251; x_wconf 78' lang='grc' dir='ltr'><strong><em>χωρεῖν</em></strong></span> <span class='ocrx_word' id='word_1_65' title='bbox 816 1157 919 1232; x_wconf 76' lang='grc' dir='ltr'><strong><em>οἷοίτε</em></strong></span> <span class='ocrx_word' id='word_1_66' title='bbox 934 1155 1036 1253; x_wconf 80' lang='grc' dir='ltr'><strong><em>ἦσαν)</em></strong></span> <span class='ocrx_word' id='word_1_67' title='bbox 1053 1169 1139 1233; x_wconf 76' lang='grc' dir='ltr'><strong><em>ἔνθα</em></strong></span> 
     </span>
     <span class='ocr_line' id='line_1_10' title="bbox 120 1264 1139 1356; baseline 0.004 -21"><span class='ocrx_word' id='word_1_68' title='bbox 120 1271 257 1353; x_wconf 75' lang='grc' dir='ltr'><strong><em>πρῶτον</em></strong></span> <span class='ocrx_word' id='word_1_69' title='bbox 280 1264 302 1354; x_wconf 84' lang='grc' dir='ltr'><em>ἡ</em></span> <span class='ocrx_word' id='word_1_70' title='bbox 324 1271 387 1336; x_wconf 85' lang='grc' dir='ltr'><strong><em>τοῦ</em></strong></span> <span class='ocrx_word' id='word_1_71' title='bbox 409 1272 561 1355; x_wconf 80' lang='grc' dir='ltr'><strong><em>ποταμοῦ</em></strong></span> <span class='ocrx_word' id='word_1_72' title='bbox 588 1268 700 1356; x_wconf 82' lang='grc' dir='ltr'><strong><em>πλήμη</em></strong></span> <span class='ocrx_word' id='word_1_73' title='bbox 728 1273 787 1356; x_wconf 86' lang='grc' dir='ltr'><strong><em>τής</em></strong></span> <span class='ocrx_word' id='word_1_74' title='bbox 813 1266 981 1356; x_wconf 82' lang='grc' dir='ltr'><strong><em>ὑπωρείας</em></strong></span> <span class='ocrx_word' id='word_1_75' title='bbox 1007 1267 1139 1356; x_wconf 84' lang='grc' dir='ltr'><strong><em>ήπτετο,</em></strong></span> 
     </span>
     <span class='ocr_line' id='line_1_11' title="bbox 119 1370 1179 1464; baseline 0 -22"><span class='ocrx_word' id='word_1_76' title='bbox 119 1379 276 1442; x_wconf 81' lang='grc' dir='ltr'><strong><em>τίθενται</em></strong></span> <span class='ocrx_word' id='word_1_77' title='bbox 298 1370 361 1460; x_wconf 84' lang='grc' dir='ltr'><strong><em>τήν</em></strong></span> <span class='ocrx_word' id='word_1_78' title='bbox 385 1372 519 1462; x_wconf 79' lang='grc' dir='ltr'><strong><em>σκάφην</em></strong></span> <span class='ocrx_word' id='word_1_79' title='bbox 539 1375 592 1442; x_wconf 78' lang='grc' dir='ltr'><strong><em>ἐπὶ</em></strong></span> <span class='ocrx_word' id='word_1_80' title='bbox 610 1379 672 1443; x_wconf 86' lang='grc' dir='ltr'><strong><em>τοῦ</em></strong></span> <span class='ocrx_word' id='word_1_81' title='bbox 694 1373 827 1456; x_wconf 86' lang='grc' dir='ltr'><strong><em>ῦδατος.</em></strong></span> <span class='ocrx_word' id='word_1_82' title='bbox 863 1373 885 1462; x_wconf 84' lang='grc' dir='ltr'><strong><em>ή</em></strong></span> <span class='ocrx_word' id='word_1_83' title='bbox 905 1375 943 1444; x_wconf 72' lang='grc' dir='ltr'><strong><em>δὲ</em></strong></span> <span class='ocrx_word' id='word_1_84' title='bbox 961 1378 1057 1464; x_wconf 84' lang='grc' dir='ltr'><strong><em>μέχρι</em></strong></span> <span class='ocrx_word' id='word_1_85' title='bbox 1076 1379 1138 1464; x_wconf 91' lang='grc' dir='ltr'><strong><em>μέν</em></strong></span> <span class='ocrx_word' id='word_1_86' title='bbox 1153 1401 1179 1442; x_wconf 82' lang='grc' dir='ltr'><strong><em>ιο</em></strong></span> 
     </span>
     <span class='ocr_line' id='line_1_12' title="bbox 119 1479 1139 1570; baseline 0.003 -22"><span class='ocrx_word' id='word_1_87' title='bbox 119 1505 215 1558; x_wconf 90' lang='grc' dir='ltr'><strong><em>τινος</em></strong></span> <span class='ocrx_word' id='word_1_88' title='bbox 238 1479 393 1566; x_wconf 78' lang='grc' dir='ltr'><strong><em>ἐνήχετο,</em></strong></span> <span class='ocrx_word' id='word_1_89' title='bbox 423 1484 532 1548; x_wconf 78' lang='grc' dir='ltr'><strong><em>ἔπειτα</em></strong></span> <span class='ocrx_word' id='word_1_90' title='bbox 555 1484 616 1549; x_wconf 89' lang='grc' dir='ltr'><strong><em>τοῦ</em></strong></span> <span class='ocrx_word' id='word_1_91' title='bbox 640 1483 782 1570; x_wconf 75' lang='grc' dir='ltr'><strong><em>ῥείθρου</em></strong></span> <span class='ocrx_word' id='word_1_92' title='bbox 808 1480 890 1551; x_wconf 80' lang='grc' dir='ltr'><strong><em>κατὰ</em></strong></span> <span class='ocrx_word' id='word_1_93' title='bbox 913 1480 1034 1569; x_wconf 87' lang='grc' dir='ltr'><strong><em>μικρὸν</em></strong></span> <span class='ocrx_word' id='word_1_94' title='bbox 1057 1480 1139 1552; x_wconf 87' lang='grc' dir='ltr'><strong><em>ὑπο-</em></strong></span> 
     </span>
     <span class='ocr_line' id='line_1_13' title="bbox 119 1587 1139 1675; baseline 0.003 -22"><span class='ocrx_word' id='word_1_95' title='bbox 119 1589 315 1674; x_wconf 80' lang='grc' dir='ltr'><strong><em>χωροῦντος</em></strong></span> <span class='ocrx_word' id='word_1_96' title='bbox 347 1587 382 1654; x_wconf 77' lang='grc' dir='ltr'><strong><em>ἐκ</em></strong></span> <span class='ocrx_word' id='word_1_97' title='bbox 414 1589 483 1654; x_wconf 79' lang='grc' dir='ltr'><strong><em>τῶν</em></strong></span> <span class='ocrx_word' id='word_1_98' title='bbox 514 1587 591 1675; x_wconf 83' lang='grc' dir='ltr'><strong><em>περί</em></strong></span> <span class='ocrx_word' id='word_1_99' title='bbox 629 1591 749 1674; x_wconf 82' lang='grc' dir='ltr'><strong><em>ἔσχατα</em></strong></span> <span class='ocrx_word' id='word_1_100' title='bbox 781 1593 885 1656; x_wconf 84' lang='grc' dir='ltr'><strong><em>λίθου</em></strong></span> <span class='ocrx_word' id='word_1_101' title='bbox 920 1593 1139 1675; x_wconf 84' lang='grc' dir='ltr'><strong><em>προσπταίσει</em></strong></span> 
     </span>
    </p>

    <p class='ocr_par' dir='ltr' id='par_1_5' title="bbox 63 1685 1179 2846">
     <span class='ocr_line' id='line_1_14' title="bbox 63 1685 1179 1782; baseline 0.003 -21"><span class='ocrx_word' id='word_1_102' title='bbox 63 1707 365 1778; x_wconf 74' lang='grc' dir='ltr'><strong><em>κοεπεριτραπεῐσα</em></strong></span> <span class='ocrx_word' id='word_1_103' title='bbox 384 1691 538 1778; x_wconf 77' lang='grc' dir='ltr'><strong><em>ἐκβάλλει</em></strong></span> <span class='ocrx_word' id='word_1_104' title='bbox 560 1689 600 1762; x_wconf 84' lang='grc' dir='ltr'><strong><em>τὰ</em></strong></span> <span class='ocrx_word' id='word_1_105' title='bbox 621 1695 742 1782; x_wconf 86' lang='grc' dir='ltr'><strong><em>βρέφη.</em></strong></span> <span class='ocrx_word' id='word_1_106' title='bbox 784 1691 825 1762; x_wconf 83' lang='grc' dir='ltr'><strong><em>τά</em></strong></span> <span class='ocrx_word' id='word_1_107' title='bbox 848 1692 910 1781; x_wconf 76' lang='grc' dir='ltr'><strong><em>μέν</em></strong></span> <span class='ocrx_word' id='word_1_108' title='bbox 935 1693 977 1780; x_wconf 85' lang='grc' dir='ltr'><strong><em>δὴ</em></strong></span> <span class='ocrx_word' id='word_1_109' title='bbox 999 1685 1179 1777; x_wconf 77' lang='grc' dir='ltr'><strong><em>κνυζού-6</em></strong></span> 
     </span>
     <span class='ocr_line' id='line_1_15' title="bbox 120 1796 1139 1888; baseline 0.003 -22"><span class='ocrx_word' id='word_1_110' title='bbox 120 1825 209 1888; x_wconf 90' lang='grc' dir='ltr'><strong><em>μενα</em></strong></span> <span class='ocrx_word' id='word_1_111' title='bbox 229 1796 313 1866; x_wconf 82' lang='grc' dir='ltr'><strong><em>κατά</em></strong></span> <span class='ocrx_word' id='word_1_112' title='bbox 340 1803 402 1867; x_wconf 91' lang='grc' dir='ltr'><strong><em>τοῦ</em></strong></span> <span class='ocrx_word' id='word_1_113' title='bbox 424 1800 584 1886; x_wconf 90' lang='grc' dir='ltr'><strong><em>τέλματος</em></strong></span> <span class='ocrx_word' id='word_1_114' title='bbox 612 1801 834 1885; x_wconf 71' lang='grc' dir='ltr'><strong><em>ἐκυλινδεῖτο,</em></strong></span> <span class='ocrx_word' id='word_1_115' title='bbox 862 1798 1005 1870; x_wconf 78' lang='grc' dir='ltr'><strong><em>λύκαινα</em></strong></span> <span class='ocrx_word' id='word_1_116' title='bbox 1029 1802 1070 1870; x_wconf 90' lang='grc' dir='ltr'><strong><em>δέ</em></strong></span> <span class='ocrx_word' id='word_1_117' title='bbox 1089 1827 1139 1882; x_wconf 91' lang='grc' dir='ltr'><strong><em>τις</em></strong></span> 
     </span>
     <span class='ocr_line' id='line_1_16' title="bbox 120 1904 1179 1994; baseline -0.004 -20"><span class='ocrx_word' id='word_1_118' title='bbox 120 1907 323 1992; x_wconf 77' lang='grc' dir='ltr'><strong><em>ἐπιφανεῖσα</em></strong></span> <span class='ocrx_word' id='word_1_119' title='bbox 359 1905 516 1984; x_wconf 84' lang='grc' dir='ltr'><strong><em>νεοτόκος</em></strong></span> <span class='ocrx_word' id='word_1_120' title='bbox 552 1909 734 1992; x_wconf 78' lang='grc' dir='ltr'><strong><em>σπαργῶσα</em></strong></span> <span class='ocrx_word' id='word_1_121' title='bbox 774 1904 854 1984; x_wconf 90' lang='grc' dir='ltr'><strong><em>τοῦς</em></strong></span> <span class='ocrx_word' id='word_1_122' title='bbox 890 1904 1037 1994; x_wconf 82' lang='grc' dir='ltr'><strong><em>μαστοὺς</em></strong></span> <span class='ocrx_word' id='word_1_123' title='bbox 1071 1904 1138 1976; x_wconf 83' lang='grc' dir='ltr'><strong><em>ὑπὸ</em></strong></span> <span class='ocrx_word' id='word_1_124' title='bbox 1153 1931 1179 1971; x_wconf 77' lang='grc' dir='ltr'><strong><em>ιε</em></strong></span> 
     </span>
     <span class='ocr_line' id='line_1_17' title="bbox 118 2009 1138 2099; baseline 0.002 -19"><span class='ocrx_word' id='word_1_125' title='bbox 118 2012 287 2099; x_wconf 90' lang='grc' dir='ltr'><strong><em>γάλακτος</em></strong></span> <span class='ocrx_word' id='word_1_126' title='bbox 314 2009 477 2080; x_wconf 73' lang='grc' dir='ltr'><strong><em>ἀνεδίδου</em></strong></span> <span class='ocrx_word' id='word_1_127' title='bbox 507 2009 566 2091; x_wconf 83' lang='grc' dir='ltr'><strong><em>τὰς</em></strong></span> <span class='ocrx_word' id='word_1_128' title='bbox 595 2009 705 2098; x_wconf 78' lang='grc' dir='ltr'><strong><em>θηλὰς</em></strong></span> <span class='ocrx_word' id='word_1_129' title='bbox 733 2025 805 2091; x_wconf 72' lang='grc' dir='ltr'><strong><em>τοῖς</em></strong></span> <span class='ocrx_word' id='word_1_130' title='bbox 831 2011 995 2099; x_wconf 90' lang='grc' dir='ltr'><strong><em>στόμασιν</em></strong></span> <span class='ocrx_word' id='word_1_131' title='bbox 1025 2010 1138 2082; x_wconf 76' lang='grc' dir='ltr'><strong><em>αὐτῶν</em></strong></span> 
     </span>
     <span class='ocr_line' id='line_1_18' title="bbox 119 2109 1138 2209; baseline 0 -22"><span class='ocrx_word' id='word_1_132' title='bbox 119 2119 177 2187; x_wconf 82' lang='grc' dir='ltr'><strong><em>καὶ</em></strong></span> <span class='ocrx_word' id='word_1_133' title='bbox 205 2122 247 2207; x_wconf 81' lang='grc' dir='ltr'><strong><em>πή</em></strong></span> <span class='ocrx_word' id='word_1_134' title='bbox 275 2117 403 2208; x_wconf 77' lang='grc' dir='ltr'><strong><em>γλωττη</em></strong></span> <span class='ocrx_word' id='word_1_135' title='bbox 430 2116 492 2186; x_wconf 89' lang='grc' dir='ltr'><strong><em>τὸν</em></strong></span> <span class='ocrx_word' id='word_1_136' title='bbox 519 2117 642 2206; x_wconf 89' lang='grc' dir='ltr'><strong><em>πηλόν,</em></strong></span> <span class='ocrx_word' id='word_1_137' title='bbox 670 2109 697 2209; x_wconf 76' lang='grc' dir='ltr'><strong><em>ιβ</em></strong></span> <span class='ocrx_word' id='word_1_138' title='bbox 724 2118 903 2188; x_wconf 84' lang='grc' dir='ltr'><strong><em>κατάπλεοι</em></strong></span> <span class='ocrx_word' id='word_1_139' title='bbox 930 2111 1033 2206; x_wconf 78' lang='grc' dir='ltr'><strong><em>ἦσαν,</em></strong></span> <span class='ocrx_word' id='word_1_140' title='bbox 1061 2117 1138 2188; x_wconf 89' lang='grc' dir='ltr'><strong><em>άπε-</em></strong></span> 
     </span>
     <span class='ocr_line' id='line_1_19' title="bbox 119 2223 1138 2316; baseline -0.001 -22"><span class='ocrx_word' id='word_1_141' title='bbox 119 2231 232 2313; x_wconf 90' lang='grc' dir='ltr'><strong><em>λίχμα.</em></strong></span> <span class='ocrx_word' id='word_1_142' title='bbox 269 2228 306 2293; x_wconf 92' lang='grc' dir='ltr'><strong><em>έν</em></strong></span> <span class='ocrx_word' id='word_1_143' title='bbox 327 2225 365 2296; x_wconf 72' lang='grc' dir='ltr'><strong><em>δὲ</em></strong></span> <span class='ocrx_word' id='word_1_144' title='bbox 382 2224 491 2316; x_wconf 85' lang='grc' dir='ltr'><strong><em>τοότφ</em></strong></span> <span class='ocrx_word' id='word_1_145' title='bbox 510 2223 739 2312; x_wconf 77' lang='grc' dir='ltr'><strong><em>τυγχάνουσιν</em></strong></span> <span class='ocrx_word' id='word_1_146' title='bbox 759 2228 794 2292; x_wconf 89' lang='grc' dir='ltr'><strong><em>οί</em></strong></span> <span class='ocrx_word' id='word_1_147' title='bbox 809 2239 924 2312; x_wconf 77' lang='grc' dir='ltr'><strong><em>νομεῖς</em></strong></span> <span class='ocrx_word' id='word_1_148' title='bbox 943 2225 1138 2306; x_wconf 79' lang='grc' dir='ltr'><strong><em>ἐξελαύνον-</em></strong></span> 
     </span>
     <span class='ocr_line' id='line_1_20' title="bbox 119 2325 1138 2421; baseline 0.001 -20"><span class='ocrx_word' id='word_1_149' title='bbox 119 2359 175 2412; x_wconf 86' lang='grc' dir='ltr'><strong><em>τες</em></strong></span> <span class='ocrx_word' id='word_1_150' title='bbox 202 2330 262 2411; x_wconf 88' lang='grc' dir='ltr'><strong><em>τάς</em></strong></span> <span class='ocrx_word' id='word_1_151' title='bbox 289 2329 410 2417; x_wconf 84' lang='grc' dir='ltr'><strong><em>ἀγέλας</em></strong></span> <span class='ocrx_word' id='word_1_152' title='bbox 438 2332 491 2400; x_wconf 81' lang='grc' dir='ltr'><strong><em>έπλ</em></strong></span> <span class='ocrx_word' id='word_1_153' title='bbox 519 2330 629 2418; x_wconf 91' lang='grc' dir='ltr'><strong><em>νομήν</em></strong></span> <span class='ocrx_word' id='word_1_154' title='bbox 659 2329 739 2418; x_wconf 84' lang='grc' dir='ltr'><strong><em>(ήδη</em></strong></span> <span class='ocrx_word' id='word_1_155' title='bbox 767 2329 831 2420; x_wconf 83' lang='grc' dir='ltr'><strong><em>γάρ</em></strong></span> <span class='ocrx_word' id='word_1_156' title='bbox 861 2329 1005 2421; x_wconf 79' lang='grc' dir='ltr'><strong><em>ἐμβατὸν</em></strong></span> <span class='ocrx_word' id='word_1_157' title='bbox 1032 2325 1138 2420; x_wconf 80' lang='grc' dir='ltr'><strong><em>ἦντὸ</em></strong></span> 
     </span>
     <span class='ocr_line' id='line_1_21' title="bbox 119 2433 1178 2528; baseline 0.002 -22"><span class='ocrx_word' id='word_1_158' title='bbox 119 2439 264 2528; x_wconf 84' lang='grc' dir='ltr'><strong><em>χωρίον)</em></strong></span> <span class='ocrx_word' id='word_1_159' title='bbox 287 2444 347 2506; x_wconf 87' lang='grc' dir='ltr'><strong><em>καί</em></strong></span> <span class='ocrx_word' id='word_1_160' title='bbox 366 2465 417 2518; x_wconf 92' lang='grc' dir='ltr'><strong><em>τις</em></strong></span> <span class='ocrx_word' id='word_1_161' title='bbox 438 2435 552 2506; x_wconf 75' lang='grc' dir='ltr'><strong><em>αὐτῶν</em></strong></span> <span class='ocrx_word' id='word_1_162' title='bbox 576 2435 661 2506; x_wconf 82' lang='grc' dir='ltr'><strong><em>ίδάν</em></strong></span> <span class='ocrx_word' id='word_1_163' title='bbox 691 2435 753 2524; x_wconf 79' lang='grc' dir='ltr'><strong><em>τήν</em></strong></span> <span class='ocrx_word' id='word_1_164' title='bbox 776 2436 942 2508; x_wconf 80' lang='grc' dir='ltr'><strong><em>λύκαιναν</em></strong></span> <span class='ocrx_word' id='word_1_165' title='bbox 965 2433 1011 2518; x_wconf 82' lang='grc' dir='ltr'><strong><em>ἀς</em></strong></span> <span class='ocrx_word' id='word_1_166' title='bbox 1032 2437 1137 2526; x_wconf 88' lang='grc' dir='ltr'><strong><em>ήσπά-</em></strong></span> <span class='ocrx_word' id='word_1_167' title='bbox 1152 2461 1178 2502; x_wconf 71' lang='lat'><strong><em>20</em></strong></span> 
     </span>
     <span class='ocr_line' id='line_1_22' title="bbox 122 2536 1139 2634; baseline 0.001 -20"><span class='ocrx_word' id='word_1_168' title='bbox 122 2553 194 2628; x_wconf 79' lang='grc' dir='ltr'><strong><em>ζετο</em></strong></span> <span class='ocrx_word' id='word_1_169' title='bbox 217 2543 257 2614; x_wconf 86' lang='grc' dir='ltr'><strong><em>τά</em></strong></span> <span class='ocrx_word' id='word_1_170' title='bbox 280 2547 389 2634; x_wconf 83' lang='grc' dir='ltr'><strong><em>βρέφη</em></strong></span> <span class='ocrx_word' id='word_1_171' title='bbox 412 2547 493 2624; x_wconf 89' lang='grc' dir='ltr'><strong><em>τέως</em></strong></span> <span class='ocrx_word' id='word_1_172' title='bbox 516 2544 578 2631; x_wconf 73' lang='grc' dir='ltr'><strong><em>μέν</em></strong></span> <span class='ocrx_word' id='word_1_173' title='bbox 601 2541 728 2631; x_wconf 82' lang='grc' dir='ltr'><strong><em>ἀχανὴς</em></strong></span> <span class='ocrx_word' id='word_1_174' title='bbox 754 2536 797 2631; x_wconf 83' lang='grc' dir='ltr'><strong><em>ἦν</em></strong></span> <span class='ocrx_word' id='word_1_175' title='bbox 824 2541 890 2612; x_wconf 85' lang='grc' dir='ltr'><strong><em>ὑπό</em></strong></span> <span class='ocrx_word' id='word_1_176' title='bbox 918 2570 953 2612; x_wconf 91' lang='grc' dir='ltr'><strong><em>τε</em></strong></span> <span class='ocrx_word' id='word_1_177' title='bbox 982 2545 1139 2633; x_wconf 79' lang='grc' dir='ltr'><strong><em>θάμβους</em></strong></span> 
     </span>
     <span class='ocr_line' id='line_1_23' title="bbox 119 2649 1138 2738; baseline 0 -18"><span class='ocrx_word' id='word_1_178' title='bbox 119 2654 178 2720; x_wconf 81' lang='grc' dir='ltr'><strong><em>καὶ</em></strong></span> <span class='ocrx_word' id='word_1_179' title='bbox 201 2651 356 2732; x_wconf 79' lang='grc' dir='ltr'><strong><em>ἀπιστίας</em></strong></span> <span class='ocrx_word' id='word_1_180' title='bbox 382 2656 451 2720; x_wconf 78' lang='grc' dir='ltr'><strong><em>τῶν</em></strong></span> <span class='ocrx_word' id='word_1_181' title='bbox 478 2653 742 2738; x_wconf 84' lang='grc' dir='ltr'><strong><em>θεωρουμένων·</em></strong></span> <span class='ocrx_word' id='word_1_182' title='bbox 774 2649 874 2720; x_wconf 77' lang='grc' dir='ltr'><strong><em>ἔπειτ’</em></strong></span> <span class='ocrx_word' id='word_1_183' title='bbox 900 2649 1058 2722; x_wconf 77' lang='grc' dir='ltr'><strong><em>ἀπελθόν</em></strong></span> <span class='ocrx_word' id='word_1_184' title='bbox 1081 2653 1138 2720; x_wconf 84' lang='grc' dir='ltr'><strong><em>καὶ</em></strong></span> 
     </span>
     <span class='ocr_line' id='line_1_24' title="bbox 120 2755 1137 2846; baseline 0 -19"><span class='ocrx_word' id='word_1_185' title='bbox 120 2760 284 2839; x_wconf 80' lang='grc' dir='ltr'><strong><em>συλλέξας</em></strong></span> <span class='ocrx_word' id='word_1_186' title='bbox 298 2756 401 2836; x_wconf 85' lang='grc' dir='ltr'><strong><em>ὅσους</em></strong></span> <span class='ocrx_word' id='word_1_187' title='bbox 414 2756 558 2826; x_wconf 80' lang='grc' dir='ltr'><strong><em>ἐδύνατο</em></strong></span> <span class='ocrx_word' id='word_1_188' title='bbox 572 2763 747 2836; x_wconf 83' lang='grc' dir='ltr'><strong><em>πλείστους</em></strong></span> <span class='ocrx_word' id='word_1_189' title='bbox 760 2761 829 2825; x_wconf 75' lang='grc' dir='ltr'><strong><em>τῶν</em></strong></span> <span class='ocrx_word' id='word_1_190' title='bbox 843 2755 949 2846; x_wconf 87' lang='grc' dir='ltr'><strong><em>ἀγχοῦ</em></strong></span> <span class='ocrx_word' id='word_1_191' title='bbox 963 2757 1137 2846; x_wconf 89' lang='grc' dir='ltr'><strong><em>νεμόντων</em></strong></span> 
     </span>
    </p>
   </div>
   <div class='ocr_carea' id='block_1_3' title="bbox 120 2855 1137 3060">
    <p class='ocr_par' dir='ltr' id='par_1_6' title="bbox 120 2855 1137 3060">
     <span class='ocr_line' id='line_1_25' title="bbox 121 2855 1137 2954; baseline -0.002 -20"><span class='ocrx_word' id='word_1_192' title='bbox 121 2863 181 2954; x_wconf 89' lang='grc' dir='ltr'><strong><em>(οῦ</em></strong></span> <span class='ocrx_word' id='word_1_193' title='bbox 203 2863 268 2952; x_wconf 86' lang='grc' dir='ltr'><strong><em>γάρ</em></strong></span> <span class='ocrx_word' id='word_1_194' title='bbox 292 2863 481 2933; x_wconf 87' lang='grc' dir='ltr'><strong><em>έπιστεῦετο</em></strong></span> <span class='ocrx_word' id='word_1_195' title='bbox 505 2864 628 2952; x_wconf 87' lang='grc' dir='ltr'><strong><em>λέγων)</em></strong></span> <span class='ocrx_word' id='word_1_196' title='bbox 648 2861 721 2949; x_wconf 84' lang='grc' dir='ltr'><strong><em>ἀγει</em></strong></span> <span class='ocrx_word' id='word_1_197' title='bbox 744 2855 891 2949; x_wconf 83' lang='grc' dir='ltr'><strong><em>τοῦργον</em></strong></span> <span class='ocrx_word' id='word_1_198' title='bbox 910 2861 993 2932; x_wconf 85' lang='grc' dir='ltr'><strong><em>αὐτὸ</em></strong></span> <span class='ocrx_word' id='word_1_199' title='bbox 1015 2873 1137 2932; x_wconf 86' lang='grc' dir='ltr'><strong><em>θεασο-</em></strong></span> 
     </span>
     <span class='ocr_line' id='line_1_26' title="bbox 120 2967 1137 3060; baseline -0.002 -19"><span class='ocrx_word' id='word_1_200' title='bbox 120 2975 256 3060; x_wconf 88' lang='grc' dir='ltr'><strong><em>μένους.</em></strong></span> <span class='ocrx_word' id='word_1_201' title='bbox 294 2968 339 3052; x_wconf 81' lang='grc' dir='ltr'><strong><em>δς</em></strong></span> <span class='ocrx_word' id='word_1_202' title='bbox 362 2970 400 3038; x_wconf 74' lang='grc' dir='ltr'><strong><em>δὲ</em></strong></span> <span class='ocrx_word' id='word_1_203' title='bbox 417 2968 567 3039; x_wconf 73' lang='grc' dir='ltr'><strong><em>κάκεῖνοι</em></strong></span> <span class='ocrx_word' id='word_1_204' title='bbox 585 2975 729 3056; x_wconf 88' lang='grc' dir='ltr'><strong><em>πλησίον</em></strong></span> <span class='ocrx_word' id='word_1_205' title='bbox 748 2969 907 3056; x_wconf 81' lang='grc' dir='ltr'><strong><em>ἐλθόντες</em></strong></span> <span class='ocrx_word' id='word_1_206' title='bbox 926 2975 1057 3056; x_wconf 82' lang='grc' dir='ltr'><strong><em>ἔμαθον</em></strong></span> <span class='ocrx_word' id='word_1_207' title='bbox 1074 2967 1137 3056; x_wconf 84' lang='grc' dir='ltr'><strong><em>τήν</em></strong></span> 
     </span>
    </p>
   </div>
   <div class='ocr_carea' id='block_1_4' title="bbox 1158 2941 1175 3002">
    <p class='ocr_par' dir='ltr' id='par_1_7' title="bbox 1158 2941 1175 3002">
     <span class='ocr_line' id='line_1_27' title="bbox 1158 2941 1175 3002; baseline 0 0"><span class='ocrx_word' id='word_1_208' title='bbox 1158 2941 1175 3002; x_wconf 76' lang='grc'>7</span> 
     </span>
    </p>
   </div>
   <div class='ocr_carea' id='block_1_5' title="bbox 1151 3025 1178 3066">
    <p class='ocr_par' dir='ltr' id='par_1_8' title="bbox 1151 3025 1178 3066">
     <span class='ocr_line' id='line_1_28' title="bbox 1151 3025 1178 3066; baseline 0 0"><span class='ocrx_word' id='word_1_209' title='bbox 1151 3025 1178 3066; x_wconf 72' lang='lat'><strong><em>25</em></strong></span> 
     </span>
    </p>
   </div>
   <div class='ocr_carea' id='block_1_6' title="bbox 119 3159 1148 3584">
    <p class='ocr_par' dir='ltr' id='par_1_9' title="bbox 195 3159 1137 3237">
     <span class='ocr_line' id='line_1_29' title="bbox 195 3159 1137 3237; baseline -0.003 -16"><span class='ocrx_word' id='word_1_210' title='bbox 195 3173 211 3222; x_wconf 84' lang='grc'>9</span> <span class='ocrx_word' id='word_1_211' title='bbox 231 3162 385 3237; x_wconf 84' lang='grc' dir='ltr'><strong><em>πλήμμηΑ</em></strong></span> <span class='ocrx_word' id='word_1_212' title='bbox 403 3160 516 3234; x_wconf 82' lang='grc' dir='ltr'><strong><em>πλήμνη</em></strong></span> <span class='ocrx_word' id='word_1_213' title='bbox 534 3166 557 3219; x_wconf 96' lang='grc' dir='ltr'>Β</span> <span class='ocrx_word' id='word_1_214' title='bbox 630 3171 663 3219; x_wconf 77' lang='lat'><strong><em>12</em></strong></span> <span class='ocrx_word' id='word_1_215' title='bbox 682 3163 854 3234; x_wconf 85' lang='grc' dir='ltr'><strong><em>περιέσχατα</em></strong></span> <span class='ocrx_word' id='word_1_216' title='bbox 869 3165 893 3218; x_wconf 89' lang='lat' dir='ltr'><strong>A</strong></span> <span class='ocrx_word' id='word_1_217' title='bbox 911 3162 992 3231; x_wconf 78' lang='grc' dir='ltr'><strong><em>πέριξ</em></strong></span> <span class='ocrx_word' id='word_1_218' title='bbox 1013 3159 1137 3233; x_wconf 78' lang='grc' dir='ltr'><strong><em>ἐσχάτων</em></strong></span> 
     </span>
    </p>

    <p class='ocr_par' dir='ltr' id='par_1_10' title="bbox 120 3231 1137 3307">
     <span class='ocr_line' id='line_1_30' title="bbox 120 3231 1137 3307; baseline -0.004 -13"><span class='ocrx_word' id='word_1_219' title='bbox 120 3257 145 3294; x_wconf 88' lang='grc' dir='ltr'><strong><em>ο.</em></strong></span> <span class='ocrx_word' id='word_1_220' title='bbox 166 3237 291 3307; x_wconf 79' lang='lat' dir='ltr'>Sylburg</span> <span class='ocrx_word' id='word_1_221' title='bbox 308 3237 374 3306; x_wconf 81' lang='grc' dir='ltr'><strong><em>περὶ</em></strong></span> <span class='ocrx_word' id='word_1_222' title='bbox 392 3231 428 3291; x_wconf 82' lang='grc' dir='ltr'><strong><em>τά</em></strong></span> <span class='ocrx_word' id='word_1_223' title='bbox 447 3235 552 3306; x_wconf 80' lang='grc' dir='ltr'><strong><em>ἔσχατα</em></strong></span> <span class='ocrx_word' id='word_1_224' title='bbox 572 3253 594 3290; x_wconf 90' lang='grc' dir='ltr'><strong><em>ο.</em></strong></span> <span class='ocrx_word' id='word_1_225' title='bbox 613 3237 759 3291; x_wconf 73' lang='grc' dir='ltr'><strong><em>Μευλτυετ</em></strong></span> <span class='ocrx_word' id='word_1_226' title='bbox 776 3237 848 3289; x_wconf 83' lang='lat' dir='ltr'>Ann.</span> <span class='ocrx_word' id='word_1_227' title='bbox 882 3234 933 3288; x_wconf 84' lang='lat' dir='ltr'>hil.</span> <span class='ocrx_word' id='word_1_228' title='bbox 955 3239 1022 3288; x_wconf 74' lang='lat'>187⁷</span> <span class='ocrx_word' id='word_1_229' title='bbox 1042 3253 1068 3304; x_wconf 89' lang='lat' dir='ltr'><strong><em>p.</em></strong></span> <span class='ocrx_word' id='word_1_230' title='bbox 1085 3240 1137 3290; x_wconf 80' lang='lat'><strong><em>8³0</em></strong></span> 
     </span>
    </p>

    <p class='ocr_par' dir='ltr' id='par_1_11' title="bbox 159 3303 1139 3396">
     <span class='ocr_line' id='line_1_31' title="bbox 159 3303 1139 3396; baseline -0.002 -34"><span class='ocrx_word' id='word_1_231' title='bbox 159 3315 193 3363; x_wconf 74' lang='lat'><strong><em>13</em></strong></span> <span class='ocrx_word' id='word_1_232' title='bbox 213 3303 380 3396; x_wconf 70' lang='grc' dir='ltr'><strong><em>τευξόμενα</em></strong></span> <span class='ocrx_word' id='word_1_233' title='bbox 403 3325 426 3362; x_wconf 82' lang='grc' dir='ltr'><strong><em>α.</em></strong></span> <span class='ocrx_word' id='word_1_234' title='bbox 447 3307 535 3363; x_wconf 70' lang='lat' dir='ltr'>Cobet</span> <span class='ocrx_word' id='word_1_235' title='bbox 553 3307 619 3363; x_wconf 69' lang='lat' dir='ltr'>obs.</span> <span class='ocrx_word' id='word_1_236' title='bbox 643 3326 670 3377; x_wconf 90' lang='lat' dir='ltr'><strong><em>p.</em></strong></span> <span class='ocrx_word' id='word_1_237' title='bbox 690 3311 737 3376; x_wconf 74' lang='lat'><strong><em>35,</em></strong></span> <span class='ocrx_word' id='word_1_238' title='bbox 801 3310 835 3359; x_wconf 76' lang='lat'><strong><em>14</em></strong></span> <span class='ocrx_word' id='word_1_239' title='bbox 870 3307 1031 3360; x_wconf 82' lang='grc' dir='ltr'><strong><em>καλινδεῐτο</em></strong></span> <span class='ocrx_word' id='word_1_240' title='bbox 1049 3304 1139 3360; x_wconf 76' lang='lat' dir='ltr'>Cobet</span> 
     </span>
    </p>

    <p class='ocr_par' dir='ltr' id='par_1_12' title="bbox 119 3372 1148 3448">
     <span class='ocr_line' id='line_1_32' title="bbox 119 3372 1148 3448; baseline -0.006 -13"><span class='ocrx_word' id='word_1_241' title='bbox 119 3381 174 3437; x_wconf 68' lang='grc' dir='ltr'>Η</span> <span class='ocrx_word' id='word_1_242' title='bbox 240 3386 273 3436; x_wconf 81' lang='grc'><strong><em>16</em></strong></span> <span class='ocrx_word' id='word_1_243' title='bbox 292 3380 428 3434; x_wconf 88' lang='grc' dir='ltr'><strong><em>ανεδίδου</em></strong></span> <span class='ocrx_word' id='word_1_244' title='bbox 446 3379 469 3433; x_wconf 92' lang='grc' dir='ltr'>Β</span> <span class='ocrx_word' id='word_1_245' title='bbox 488 3374 586 3434; x_wconf 87' lang='grc' dir='ltr'><strong><em>έδίδου</em></strong></span> <span class='ocrx_word' id='word_1_246' title='bbox 605 3379 630 3434; x_wconf 90' lang='lat' dir='ltr'><strong>R</strong></span> <span class='ocrx_word' id='word_1_247' title='bbox 692 3383 724 3432; x_wconf 73' lang='lat'><strong><em>17</em></strong></span> <span class='ocrx_word' id='word_1_248' title='bbox 748 3372 897 3432; x_wconf 85' lang='grc' dir='ltr'><strong><em>κατάπλεω</em></strong></span> <span class='ocrx_word' id='word_1_249' title='bbox 917 3391 940 3430; x_wconf 85' lang='grc' dir='ltr'><strong><em>ο.</em></strong></span> <span class='ocrx_word' id='word_1_250' title='bbox 956 3374 1045 3432; x_wconf 71' lang='lat' dir='ltr'>Cobet</span> <span class='ocrx_word' id='word_1_251' title='bbox 1062 3377 1081 3432; x_wconf 90' lang='lat' dir='ltr'><strong><em>l.</em></strong></span> <span class='ocrx_word' id='word_1_252' title='bbox 1095 3377 1114 3431; x_wconf 89' lang='lat' dir='ltr'><strong><em>l.</em></strong></span> <span class='ocrx_word' id='word_1_253' title='bbox 1131 3377 1148 3448; x_wconf 65' lang='grc' dir='ltr'><strong><em>λ</em></strong></span> 
     </span>
    </p>

    <p class='ocr_par' dir='ltr' id='par_1_13' title="bbox 120 3443 1138 3584">
     <span class='ocr_line' id='line_1_33' title="bbox 120 3443 1138 3576; baseline -0.002 -70"><span class='ocrx_word' id='word_1_254' title='bbox 120 3447 300 3540; x_wconf 84' lang='grc' dir='ltr'><strong><em>ἀπελιχμάτο</em></strong></span> <span class='ocrx_word' id='word_1_255' title='bbox 319 3467 342 3574; x_wconf 52' lang='grc' dir='ltr'><strong>ἓ</strong></span> <span class='ocrx_word' id='word_1_256' title='bbox 358 3449 454 3576; x_wconf 62' lang='grc' dir='ltr'>031)εῆ</span> <span class='ocrx_word' id='word_1_257' title='bbox 465 3451 484 3504; x_wconf 93' lang='lat' dir='ltr'><strong><em>l.</em></strong></span> <span class='ocrx_word' id='word_1_258' title='bbox 503 3451 522 3504; x_wconf 90' lang='lat' dir='ltr'><strong><em>l.</em></strong></span> <span class='ocrx_word' id='word_1_259' title='bbox 581 3455 615 3505; x_wconf 78' lang='lat'><strong><em>22</em></strong></span> <span class='ocrx_word' id='word_1_260' title='bbox 636 3447 735 3506; x_wconf 71' lang='grc' dir='ltr'><strong><em>ἔπειτα</em></strong></span> <span class='ocrx_word' id='word_1_261' title='bbox 754 3443 848 3504; x_wconf 79' lang='grc' dir='ltr'><strong><em>έλθάν</em></strong></span> <span class='ocrx_word' id='word_1_262' title='bbox 868 3446 890 3502; x_wconf 91' lang='lat' dir='ltr'>O</span> <span class='ocrx_word' id='word_1_263' title='bbox 906 3465 974 3502; x_wconf 79' lang='lat' dir='ltr'>corr.</span> <span class='ocrx_word' id='word_1_264' title='bbox 994 3447 1138 3519; x_wconf 73' lang='lat' dir='ltr'><strong>Kiesnling</strong></span> 
     </span>
     <span class='ocr_line' id='line_1_34' title="bbox 159 3528 411 3584; baseline -0.004 -8"><span class='ocrx_word' id='word_1_265' title='bbox 159 3528 195 3576; x_wconf 80' lang='lat'><strong><em>23</em></strong></span> <span class='ocrx_word' id='word_1_266' title='bbox 215 3539 301 3584; x_wconf 85' lang='grc' dir='ltr'><strong><em>οσους</em></strong></span> <span class='ocrx_word' id='word_1_267' title='bbox 361 3541 411 3582; x_wconf 94' lang='grc' dir='ltr'><strong><em>ους</em></strong></span> 
     </span>
    </p>
   </div>
   <div class='ocr_carea' id='block_1_7' title="bbox 177 3611 977 3670">
    <p class='ocr_par' dir='ltr' id='par_1_14' title="bbox 177 3611 977 3670">
     <span class='ocr_line' id='line_1_35' title="bbox 177 3611 977 3670; baseline 0 -2"><span class='ocrx_word' id='word_1_268' title='bbox 177 3629 279 3670; x_wconf 74' lang='lat' dir='ltr'><strong>mom.</strong></span> <span class='ocrx_word' id='word_1_269' title='bbox 292 3629 357 3669; x_wconf 69' lang='grc' dir='ltr'><strong><em>Ηετι.</em></strong></span> <span class='ocrx_word' id='word_1_270' title='bbox 371 3629 390 3669; x_wconf 88' lang='grc' dir='ltr'><strong><em>Ι.</em></strong></span> <span class='ocrx_word' id='word_1_271' title='bbox 409 3639 448 3669; x_wconf 80' lang='grc' dir='ltr'><strong><em>ιο.</em></strong></span> <span class='ocrx_word' id='word_1_272' title='bbox 462 3629 564 3670; x_wconf 68' lang='grc' dir='ltr'><strong><em>δεοοετ.</em></strong></span> <span class='ocrx_word' id='word_1_273' title='bbox 962 3611 977 3660; x_wconf 83' lang='grc'>9</span> 
     </span>
    </p>
   </div>
   <div class='ocr_carea' id='block_1_8' title="bbox 0 0 1340 3984">
    <p class='ocr_par' dir='ltr' id='par_1_15' title="bbox 0 0 1340 3984">
     <span class='ocr_line' id='line_1_36' title="bbox 0 0 1340 3984; baseline 0 1"><span class='ocrx_word' id='word_1_274' title='bbox 0 0 1340 3984; x_wconf 95' lang='lat' dir='ltr'><strong><em> </em></strong></span> 
     </span>
    </p>
   </div>
  </div>
 </body>
</html>
