2682 3982
546 225 712 277 ..Γ-

121 381 174 450 ἐπλ
197 384 460 473 κατορθουμένῳ
483 385 529 474 τῷ
553 379 675 470 ἀγῶνι,
697 387 766 452 τῶν
790 382 821 452 δ’
848 383 1067 473 ὀδυρομένων
1091 384 1136 467 ὡς

122 486 184 558 οὐκ
207 484 250 557 ἀν
275 493 323 558 ἐτι
345 493 404 576 τῆς
426 489 527 576 τύχης
550 493 639 576 σφᾶς
662 493 980 579 διαναστησομένης,
1003 519 1135 580 ταμιευ-

121 593 266 682 σάμενος
287 594 349 664 τὸν
371 594 492 683 καιρὸν
521 593 720 685 ὁῬοιμαῑος
742 595 944 686 ὑποστρέφει
972 625 1008 669 τε
1035 601 1136 682 ὀξέως

119 702 176 769 καὶ
193 702 274 789 πρὶν
296 698 318 789 ἢ
337 703 554 789 φυλάξασθαι
571 701 634 773 τὸν
649 702 816 790 Ἀλβανδν
833 705 962 792 φθάνει
981 711 1027 798 τῷ
1047 708 1135 795 ξίφει

119 805 202 876 κατά
224 813 286 878 τοῦ
313 813 495 898 βραχίονος
521 807 653 898 πληγὴν
681 812 817 897 ἐνέγκας
844 813 899 880 καλ
928 809 1050 881 διελὼν
1073 810 1161 882 τὸνε

120 913 264 1002 ἀγκῶνα.
305 916 473 1004 πεσούσης
497 917 535 985 δδ
553 918 654 1005 χαμαὶ
676 921 735 1004 τῆς
757 917 868 1006 χειρὸς
886 915 954 1006 ἀμα
976 923 1022 1011 τῷ
1044 923 1133 1008 ξίφει
1152 919 1175 982 4

61 1027 206 1109 461μίαν
239 1027 287 1092 ἐτι
318 1021 450 1112 πληγὴν
481 1029 615 1112 καίριον
648 1025 818 1111 ἐξενέγκας
853 1023 1041 1096 ἀποκτείνει
1072 1028 1134 1096 τὸν

115 1127 298 1216 Ἀλβανόν,
326 1132 383 1199 καὶ
406 1129 487 1219 μετά
513 1135 636 1200 τοῦτον
669 1132 722 1200 ἐπὶ
744 1130 805 1202 τὸν
827 1140 1019 1202 τελευταίου
1047 1132 1134 1202 ἀσό-

119 1261 220 1322 μενος
242 1233 415 1324 ἡμιθνῆτα
433 1237 489 1306 καί
507 1239 712 1326 παρειμένον
731 1237 1014 1326 ἐπικατασφάττει.
1056 1259 1133 1308 σκυ-

118 1341 240 1423 λεύσας
263 1342 401 1425 δδ.τοδς
427 1347 497 1414 τόν
525 1343 675 1424 ἀνεψιῶν
703 1343 844 1434 νεκροδς
872 1351 920 1426 είς
946 1344 1009 1433 τὴν
1032 1345 1132 1416 πόλιν
1148 1369 1175 1408 10

119 1448 271 1536 ἠπείγετο
294 1455 426 1540 πρῶτος
447 1449 645 1538 ἀπαγγείλαι
667 1453 781 1520 θέλων
803 1449 865 1538 τὴν
889 1453 1011 1520 ἐαυτοῦ
1033 1459 1133 1540 νίκην

119 1560 165 1648 τῷ
189 1562 297 1646 πατρί.

208 1665 295 1732 XXI.
314 1662 410 1732 Ἔδει
430 1663 467 1732 δδ
485 1663 551 1753 ἀρα
570 1663 626 1731 καὶ
644 1666 766 1732 τοῦτον
780 1662 968 1751 ἄνθρωπον
987 1661 1069 1731 ὄντα
1087 1661 1132 1750 μὴ

118 1769 227 1838 πάντα
255 1774 458 1858 διευτυχεῖν,
487 1767 561 1839 ἀλλ’
587 1767 780 1838 ἀπολαῦσαί
805 1796 837 1838 τι
864 1773 926 1839 τοῦ
955 1774 1133 1857 φθονεροῦ

120 1879 295 1964 δαίμονος,
323 1873 361 1956 δς
388 1874 492 1946 αὐτὸν
520 1879 556 1945 ἐκ
583 1880 705 1964 μικροῦ
732 1877 837 1964 μέγαν
867 1879 904 1945 ἐν
932 1872 1035 1967 ὀλίγφ
1057 1877 1133 1956 θεὶς
1147 1903 1173 1944 15

119 1983 230 2076 χρόνφ
253 1985 308 2052 καλ
331 1989 379 2064 είς
401 1983 603 2072 ἐπιφάνειαν
629 1981 831 2072 θαυμαστὴν
858 1983 914 2052 καί
938 1983 1132 2071 παράδοξον

119 2091 238 2179 ἐξάρας
264 2094 423 2178 κατέβαλε
450 2094 566 2182 φέρων
593 2089 789 2180 αὐθημερὸν
817 2095 866 2171 είς
896 2087 1018 2178 ἀχαριν
1050 2108 1132 2176 συμ

119 2197 231 2285 φορὰν
253 2196 515 2286 ἀδελφοκτόνον.
557 2195 603 2279 ἀς
625 2197 689 2286 γάρ
713 2195 811 2285 ἐγγὺς
830 2199 960 2284 ἐγένετο
981 2200 1049 2265 τῶν
1072 2179 1173 2270 ποῖ

118 2309 204 2392 λῶν,
228 2304 333 2374 ἀλλον
355 2325 400 2374 τε·
415 2303 517 2392 όχλον
546 2302 610 2396 δρᾷ
631 2301 850 2384 παντοδαπὸν
873 2302 1072 2391 ἐκχεόμενον
1096 2305 1131 2371 ἐκ

117 2416 176 2500 τῆς
197 2411 325 2492 πόλεως
352 2412 408 2480 καὶ
432 2412 474 2499 δὴ
501 2412 557 2479 καὶ
585 2410 647 2499 τὴν
671 2409 823 2498 ἀδελφὴν
844 2412 1131 2499 προστρέχουσαν·
1145 2437 1173 2477 το

118 2519 354 2607 διαταραχθείς
381 2517 420 2587 δὲ
445 2515 529 2586 κατά
555 2515 617 2606 τὴν
640 2517 777 2607 πρεότην
805 2516 902 2603 ὄψιν,
926 2514 978 2586 ότι
999 2525 1131 2585 καταλι-

116 2631 227 2694 ποῦσα
250 2625 312 2714 την
336 2624 417 2713 μετδι
441 2624 566 2714 μητρός
589 2630 764 2711 οἰκουρίαν
782 2627 955 2714 παρθένος
973 2626 1132 2710 ἐπίγαμος

118 2738 166 2812 εἰς
193 2731 296 2820 όχλον
324 2730 430 2820 αὑτὴν
460 2737 584 2802 ἔδωκεν
611 2731 761 2820 ἀγνῶτα,
792 2732 848 2800 καὶ
877 2729 1023 2811 πολλοὺς
1049 2738 1131 2817 λαμ

118 2839 237 2926 βάναν
263 2837 445 2926 λογισμοὺς
477 2837 623 2920 ἀτόπους
648 2843 813 2936 τελευτῶν
845 2839 898 2906 ἐπὶ
924 2835 1003 2916 τοὺς
1033 2838 1130 2904 ἐπιει·

116 2959 186 3027 κεϊς
207 2947 262 3014 καὶ
286 2943 553 3034 φιλανθρώπους
575 2943 764 3031 ἀπέκλινεν,
790 2941 834 3024 ὡς
856 2941 1076 3012 ἀσπάσασθαί
1094 2967 1130 3009 τε
1144 2963 1171 3004 τε

189 3150 204 3198 2
226 3139 279 3214 ἔτι]
300 3137 347 3198 ἐττλ
365 3139 390 3196 A
406 3143 411 3211 1
428 3141 502 3210 σφᾶς
524 3141 575 3210 τῆς
596 3135 683 3211 τάχης
702 3140 725 3195 0
750 3139 863 3210 praeter
880 3137 903 3192 Β
919 3130 977 3226 11ἀν
988 3167 1021 3178 -
1032 3138 1129 3220 διανα-

118 3213 290 3286 στησομένης
309 3213 331 3268 Ο
350 3215 401 3268 aut
423 3205 460 3267 ἀν
484 3211 634 3296 ἀολουόοιυ
653 3208 1131 3348 αολΧδιανοὲῗτιησαμεμηὲπεεφέμμρέ

116 3289 272 3427 ἀέῃάλεὶλάἀοθΙ
295 3283 687 3480 ωῗῆἒάτῖἀιέἀὲλάἷόῗιιιὲθλδ
752 3300 798 3406 pss
820 3345 1007 3434 δηεάτυχεῖν
1026 3369 1049 3405 ο.
1069 3350 1130 3404 ste-

115 3433 225 3566 {m
241 3432 560 3570 μηξέὀμχὸιρὶωθῐλίὲ
569 3423 798 3496 προστρέχουσαν
815 3422 919 3478 Βειελῐο
937 3420 1130 3493 τρέχουσανΟ

167 3581 206 3614 ’·
913 3579 970 3638 νο*
