2660 3986
154 241 221 306 390
577 247 743 298 -Γ-

153 401 269 488 λεύτα,
296 402 458 484 λύσαντες
485 401 544 484 τὰς
570 403 782 492 παρεμβολάς
809 401 959 494 ἀπῄεσαν
982 403 1032 474 ἐπ’
1059 413 1167 474 οίκου.

153 511 209 578 καί
233 507 251 578 ὁ
275 508 431 595 βασιλεὺς
453 509 641 596 Ταρκύνιος
662 518 776 598 τρίτον
800 513 852 580 ἐπὶ
874 515 934 598 τῆς
957 515 1046 592 ίδίας
1063 511 1168 600 ἀρχῆς

83 615 213 685 ’2τὸν
251 619 286 685 ἐκ
321 619 419 704 τῆςδε
454 621 513 705 τῆς
548 617 654 705 μάχης
689 617 855 705 κατήγαγε
890 623 1071 706 θρίαμβον.
1121 623 1167 710 τῷ

154 721 186 790 δ’
217 724 292 809 ἑξῆς
323 727 475 825 ἐνιαυτῷ,
503 727 839 812 παρασκευαζομένου
875 724 978 793 πάλιν
1014 729 1076 794 τοῦ
1107 730 1166 810 βα-

126 832 272 910 σσιλίως
303 829 448 919 στρατὸν
480 832 533 900 ἐπὶ
564 832 623 911 τὰς
653 829 766 911 πόλεις
798 836 868 900 τῶν
900 837 1063 919 Σαβίνων
1097 831 1168 913 ἐξά·

153 964 226 1023 γειν
257 939 314 1005 καὶ
345 943 554 1022 πολιορκίαις
589 937 691 1018 αύτδις
722 938 954 1027 προσάγεσθαι
987 938 1166 1025 διεγνωκό-

151 1071 224 1130 τος,
252 1059 413 1130 γενναίου
440 1044 502 1131 μὲν
531 1043 634 1114 οὐδὲν
662 1050 710 1114 ἔτι
732 1045 904 1132 βούλευμα
925 1047 982 1114 καί
1005 1044 1165 1114 νεανικὸν

154 1149 314 1237 οὐδεμιᾶς
336 1152 483 1237 ἐγένετο,
510 1155 614 1220 πᾶσαι
637 1151 675 1220 δὲ
696 1156 795 1242 κοινῇ
818 1151 935 1242 γνύμη
959 1152 1166 1240 χρησάμεναι

152 1257 233 1345 πρὶν
262 1261 309 1336 είς
335 1261 501 1326 κίνδυνον
532 1260 649 1327 ἐλθεῖν
681 1255 960 1356 ἀνδραποδισμοῦ
986 1259 1042 1327 καί
1068 1285 1167 1328 κατα-

111 1348 284 1487 ᾗσκαρης
320 1364 575 1434 καταλύσασθαι
611 1364 672 1434 τὸν
707 1366 857 1455 πόλεμον
894 1371 1057 1453 ἔγνωσαν.
1110 1367 1167 1434 καὶ

152 1473 309 1557 παρῆσαν
336 1473 370 1552 ἐξ
397 1471 536 1559 ἑκάστης
562 1472 691 1553 πόλεως
717 1477 753 1542 οί
776 1471 947 1561 κράτιστοι
969 1477 1038 1543 τῶν
1060 1478 1164 1559 Σαβί-

152 1602 225 1644 νων
245 1575 330 1664 πρδς
346 1581 486 1664 βασιλέα
508 1579 699 1666 Ταρκύνιον
718 1577 941 1665 ἐξεληλυθότα
960 1577 1041 1666 μετὰ
1057 1580 1165 1665 πάσης

152 1681 219 1771 ἤδη
243 1683 421 1772 δυνάμεως
446 1685 693 1773 παραδιδόντες
720 1686 811 1779 αύτῷ
836 1683 877 1755 τά
900 1692 990 1773 τείχη
1013 1687 1069 1755 καὶ
1093 1685 1167 1755 δεό-
1217 1737 1236 1772 .

153 1817 249 1876 μενοι
264 1796 399 1879 μετρίας
411 1792 621 1880 ποιήσασθαι
631 1791 733 1880 <τάς>
745 1792 936 1880 συμβάσεις.
964 1791 982 1862 ὁ
1003 1793 1040 1861 δὲ
1058 1791 1220 1866 ἄστεα-579

112 1926 139 1968 ιε
153 1901 239 1978 στῶς
270 1896 450 1986 δεξάμενος
481 1897 544 1986 τὴν
576 1898 661 1968 άνευ
695 1900 869 1970 κινδύνων
901 1897 1073 1987 ὑποταγὴν
1105 1904 1166 1968 τοῦ

153 2009 280 2085 ἔθνους
307 2004 458 2086 σπονδάς
484 2031 519 2074 τε
546 2020 689 2075 ποιεῖται
712 2005 796 2094 πρὸς
825 2004 948 2087 αύτούς
969 2004 1053 2095 ὑπὲρ
1077 2007 1166 2094 είρή·

152 2139 215 2200 νης
231 2141 267 2182 τε
285 2115 341 2182 καὶ
360 2120 475 2201 φιλίας
493 2114 546 2182 ἐπὶ
563 2128 636 2194 ταῖς
654 2111 770 2194 αύταίς
788 2111 992 2201 ὁμολογίαις,
1012 2108 1065 2194 αἷς
1083 2121 1165 2201 Τυρ·

152 2217 280 2308 ρηνούς
305 2220 470 2307 πρότερον
500 2217 706 2307 ὑπηγάγετο,
739 2221 795 2290 καὶ
826 2217 906 2301 τούς
937 2219 1167 2308 αίχμαλολτους

152 2324 325 2394 άπέδωκεν
348 2323 463 2406 αὐτοῖς
484 2324 569 2394 άνευ
591 2325 733 2416 λύτρων.

112 2459 139 2500 ει
243 2434 377 2501 LXVII.
410 2423 519 2501 Αύται
542 2434 717 2521 πολεμικαὶ
739 2433 874 2522 πράξεις
896 2435 1060 2521 βασιλέως
1082 2441 1165 2521 Ταρ-

151 2544 275 2606 κυνίου
312 2539 600 2627 μνημονεύονται,
636 2540 803 2627 εἰρηνικαὶ
837 2538 875 2607 δὲ
911 2542 967 2609 καλ
998 2543 1166 2610 πολιτικαί

151 2648 281 2713 τοιαίδε
316 2646 421 2732 τινές,
458 2642 546 2714 οὐδὲ
585 2643 650 2733 γὰρ
686 2646 807 2726 ταύτας
843 2645 1010 2734 βούλομαι
1045 2657 1166 2736 παρελ-

151 2761 231 2820 θεῖν
263 2749 548 2883 άμνημουεύτορς.
602 2750 708 2833 εὐθὺς
739 2755 803 2842 γάρ
836 2751 905 2841 άμα
940 2758 986 2847 τῷ
1018 2763 1166 2843 παραλα-

151 2863 226 2945 βεῖν
253 2857 316 2946 τὴν
343 2857 453 2947 άρχην
479 2857 541 2927 τὸν
569 2859 752 2947 δημοτικὸν
781 2859 885 2948 οχλον
909 2862 1076 2930 οίκεσον
1059 2867 1165 2954 εαυτῷ

112 2989 139 3030 ει
153 2985 291 3052 ποιησαι
321 2972 573 3055 προθυμηθείς,
610 2964 722 3056 ωσπερ
760 2971 797 3036 οί
825 2967 982 3057 πρότεροι
1018 2932 1167 3055 βασιλείς

153 3075 308 3159 ἐποίουν,
344 3069 401 3140 διά
432 3071 594 3156 τοιαύτας
629 3071 822 3161 εὐεργεσίας
853 3071 1059 3162 ὑπηγάγετο·
1098 3077 1195 3144 ἐπι-

224 3227 350 3288 λδοεα.
369 3231 392 3286 Β
464 3228 585 3288 λπάλιν
603 3229 722 3304 στρατὸν
741 3235 791 3289 τού
817 3235 961 3308 βασιλέως
972 3235 994 3290 Ο
1013 3235 1167 3306 μεαελεεΒ

154 3311 186 3358 11
206 3304 263 3358 τῶν
282 3319 336 3358 om.
356 3303 379 3358 B
453 3309 486 3358 14
504 3299 556 3367 τάς
578 3305 643 3362 add
667 3305 770 3361 Reiske
844 3311 877 3362 15
899 3302 1083 3361 κινδύνωνΒ
1106 3326 1166 3361 κιν-

152 3370 286 3430 δύνουΕ
368 3381 401 3429 11
429 3393 459 3429 τε
488 3391 541 3430 om
561 3375 584 3430 B
665 3383 700 3432 20
728 3373 762 3431 αί
781 3380 847 3461 post
869 3368 956 3433 αὗται
978 3378 1041 3433 αδδ.
1064 3365 1166 3432 Reisk'e

152 3451 187 3501 12
216 3441 306 3508 αάτάς
333 3444 356 3500 Ο
389 3461 459 3500 corr.
479 3445 644 3530 Κίεεείίιιρ,
684 3448 813 3504 Hertlem
843 3448 959 3505 Hermes
992 3449 1018 3503 X
1053 3467 1081 3519 p.
1113 3455 1165 3503 411

153 3522 187 3572 26
205 3514 340 3580 τοιαύτας
362 3519 387 3571 Α
404 3506 537 3585 τοιαύτης
554 3519 580 3571 Β.
