2670 3984
553 242 799 296 -ς-.,

127 398 228 485 ἑκόν,
240 403 377 488 πρῶτον
391 399 453 487 μὲν
468 405 500 469 εί
513 404 613 484 ζῶσιν
628 402 663 469 οί
674 403 792 481 παῖδες
804 399 917 490 ἤρετο·
940 396 985 480 ὡς
1000 399 1038 468 δὲ
1050 397 1142 470 τοῦτ’

126 510 236 594 ἔμαθε
262 509 321 592 τῆς
349 513 515 595 σωτηρίας
543 506 659 588 αὑτοῖς
686 505 779 589 ὅστις
806 504 824 577 ὁ
847 507 971 595 τρόπος
1000 509 1145 593 ἐγένετο·

127 614 383 702 διηγησαμένου
407 614 445 682 δὲ
467 611 575 683 αὑτοῦ
595 615 704 684 πάντα
733 613 778 696 ύς
801 613 969 703 ἐπράχθη,
986 611 1067 699 ’Ἀγε
1090 611 1144 700 δή,

126 719 235 808 φησὶν
254 716 273 788 ό
290 720 459 807 βασιλεύς,
478 720 592 810 ἐπειδὴ
614 719 708 792 ταῦτ’
729 720 922 808 ἀληθεύσας
942 725 1037 807 ἔχεις,
1060 717 1144 806 φρά-

125 843 191 894 σον
216 823 304 894 όπον
332 831 398 896 νῦν
427 822 470 895 άν
494 825 676 916 εὑρεθεῖεν.
723 825 764 897 ού
786 826 851 917 γάρ
879 832 927 896 ἔτι
951 831 1079 896 δίκαιοί
1099 829 1144 894 εί·
1171 855 1184 894 ε

124 951 184 1000 σιν
212 933 250 1000 έν
277 932 457 1019 βουκόλοις
482 934 538 1002 καὶ
567 931 694 1016 ἄδοξον
721 937 798 1020 βίον
827 937 886 1021 ζῆν
916 937 1028 1021 ἔμοιγε
1051 930 1146 1013 ὄντες

123 1052 313 1126 συγγενεῖς,
337 1038 446 1121 άλλως
467 1066 503 1109 τε
525 1041 581 1110 καὶ
604 1045 698 1110 θεῶν
720 1044 867 1130 προνοίᾳ
889 1038 1081 1127 σωζόμενοι.

217 1165 396 1234 LXXXIII.
440 1165 632 1246 Φαιστύλος
659 1164 698 1234 δὲ
721 1169 781 1253 τῆς
808 1163 936 1252 άλόγον
958 1163 1145 1252 πραότητος

121 1266 256 1360 ὑποψίᾳ
278 1273 432 1358 κινηθείς
454 1271 499 1359 μὴ
520 1285 663 1360 φρονεῖν
685 1270 790 1341 αὑτὸν
814 1269 915 1359 ὅμοια
937 1285 1008 1352 τοῖς
1030 1269 1145 1358 λόγοις

122 1374 342 1464 ἀποκρίνεται
367 1369 446 1446 ύόε·
482 1381 526 1446 Οί
552 1377 613 1466 μέν
640 1380 758 1459 παῖδές
786 1381 872 1448 είσιν
896 1381 934 1447 έν
956 1391 1027 1458 τοῖς
1050 1375 1143 1466 ὄρεσι
1159 1407 1184 1444 ιο

123 1487 383 1570 βουκολοῦντες,
406 1481 510 1573 ὅσπερ
534 1487 673 1554 ἐκείνων
696 1489 788 1572 βίος,
817 1484 881 1571 έγά
906 1483 938 1552 θ’
964 1486 1143 1572 ἐπέμφθην

122 1588 205 1675 παρ’
231 1587 343 1659 αὑτοῖν
371 1595 411 1680 τῇ
440 1592 540 1679 μητρί
568 1590 733 1679 δηλώσων
764 1593 801 1660 έν
834 1586 887 1672 αἷς
919 1595 984 1660 είσι
1016 1590 1144 1678 τύχαις·

121 1695 252 1782 ταύτην
276 1697 314 1766 δέ
336 1697 425 1785 παρά
454 1717 508 1766 σοι
536 1697 768 1785 φυλάττεσθαι
796 1695 931 1768 άκούων
960 1697 1144 1784 δεήσεσθαι

121 1806 185 1889 τῆς
207 1807 270 1890 σῆς
290 1802 461 1892 θυγατρὸς
480 1808 631 1891 ἔμελλον,
650 1807 708 1872 ίνα
727 1831 768 1892 με
784 1801 870 1894 πρὸς
888 1801 994 1891 αὑτὴν
1012 1801 1144 1890 άγάγοι.

122 1907 188 1996 τὴν
212 1909 251 1979 ὑὲ
274 1910 408 1998 σκάφην
433 1916 572 2000 ἔφερον,
600 1909 647 1979 ‘lv’
675 1915 737 1998 ἔχω
762 1909 937 1979 δεικνύναι
959 1909 1141 1998 τεκμήριον
1157 1935 1182 1974 ιε

63 2015 277 2104 ηιςέμφανὲς
299 2014 367 2103 άμα
388 2025 460 2097 τοῖς
478 2019 602 2104 λόγοις.
643 2021 709 2086 νύν
733 2008 796 2086 οὖν
816 2017 886 2085 ἐπεὶ
909 2017 1069 2085 δέδοκταί
1087 2035 1143 2084 σοι

122 2120 205 2201 τούς
227 2128 427 2202 νεανίσκους
450 2126 551 2210 δεῦρο
574 2127 711 2211 κομίσαι
737 2127 842 2211 χαίρω
862 2148 909 2207 τε,
931 2122 987 2190 καί
1009 2123 1142 2209 πέμψον

124 2226 282 2308 οὑςτινας
304 2227 420 2313 βούλει
434 2226 499 2296 σύν
518 2230 601 2315 ἐμοί.
635 2232 734 2311 δείξω
752 2229 814 2316 μὲν
832 2220 896 2297 οὑν
914 2241 986 2308 τοῖς
1001 2230 1143 2297 ἐλθοῦσι

122 2337 204 2414 τοὺς
226 2337 359 2421 παῖδας,
382 2333 554 2421 φράσουσι
576 2332 607 2402 δ’
629 2331 743 2416 αὑτοῖς
762 2338 884 2405 έκεῖνοι
903 2333 944 2404 τά
961 2334 1051 2423 παρά
1069 2354 1142 2404 σου.

124 2439 231 2528 ὁμὲν
260 2439 302 2528 δὴ
329 2439 421 2510 ταῦτ’
448 2445 561 2528 έλεγεν
589 2439 762 2529 ἀναβολὴν
790 2439 952 2529 εὑρέσθαι
979 2440 1142 2530 βουλόμε-

123 2574 186 2628 νος
212 2560 284 2628 τοῖς
305 2547 400 2616 παισὶ
428 2551 490 2616 τοῦ
513 2546 669 2616 θανάτου
692 2549 748 2616 καὶ
775 2547 843 2637 ἅμα
871 2546 972 2628 αύτὸς
994 2545 1142 2637 άποόρά-

123 2663 248 2722 σεσθαι
270 2652 350 2734 τούς
372 2653 533 2741 ἄγοντας,
562 2651 699 2722 έπειόάν
723 2656 760 2722 έν
782 2667 854 2735 τοῖς
876 2653 971 2743 όρεσι
993 2657 1141 2742 γένηται,

123 2763 269 2840 ἐλπίσας.
311 2757 465 2848 Ἀμόλιος
493 2760 531 2830 δὲ
557 2774 628 2841 τοῖς
658 2760 870 2842 πιστοτάτοις
895 2765 965 2832 τάν
994 2759 1142 2849 ὁπλοφό-

124 2893 197 2954 ρων
225 2869 410 2946 ἐπιστείλας
436 2867 565 2956 κρύφα,
596 2863 657 2948 οὑς
683 2863 727 2936 άν
755 2865 773 2936 ὑ
803 2865 997 2958 συοφορβὸς
1027 2866 1142 2948 αὑτοῖς

1161 2414 1182 2478 2

1156 2501 1183 2540 20

166 3145 175 3167 e
195 3085 215 3166 q
232 3074 271 3164 ὥς
282 3081 342 3135 RT
360 3071 415 3136 ὅσα
433 3079 456 3133 Β
529 3085 545 3134 6
564 3075 669 3166 άιξοξον
686 3080 751 3206 ζέον
769 3079 884 3166 Ugener,
907 3075 1002 3154 άδόξφ
1020 3080 1073 3152 βίῳ
1088 3079 1141 3169 OT,

123 3150 491 3290 {may-&5134
518 3157 569 3290 λ.
584 3169 687 3292 εκ.
704 3151 1142 3291 εευῑιεεπηῖιε.

162 3298 195 3348 16
217 3287 280 3348 ἐπεὶ
298 3291 373 3348 BbT
393 3288 440 3348 ἐπὶ
454 3293 500 3346 Ba
519 3288 618 3362 ἐπειδὴ
632 3293 657 3347 R
672 3243 852 3378 Ιὺέδοκ<ταί
863 3265 964 3364 σοι>’Β
983 3311 1027 3346 σοι
1045 3309 1100 3350 om.
1119 3293 1142 3347 Τ

125 3369 159 3419 18
179 3363 313 3434 δείξομεν
331 3363 354 3417 Τ
411 3369 443 3418 19
462 3365 568 3427 παῖδας
587 3363 638 3418 ΒΤ
656 3365 763 3427 παῖδας
782 3362 837 3432 ἐγω
851 3365 877 3418 R
930 3367 963 3418 21
983 3363 1139 3436 παισλνΔΙ

123 3430 349 3504 άποθράσασθαι
369 3435 422 3490 ΑΒ
438 3437 443 3504 Ι
464 3429 719 3505 άπεδράσεοθαιΤ
792 3440 827 3489 28
845 3429 1027 3507 ὁπλοφόρων]
1051 3439 1142 3507 φίλων

122 3505 167 3575 T}
185 3502 330 3577 συφορβός
348 3506 401 3561 ΒΤ
