2682 3982
549 251 583 262 -
622 225 648 276 Γ
682 253 715 262 ·-
1073 220 1140 286 295

123 379 193 467 πην
220 383 382 468 γενέσθαι
409 393 479 460 τοῖς
509 377 671 468 ἡγεμόσιν
703 382 816 452 αύτῦν
842 381 904 470 τὴν
931 384 1000 452 τιδν
1030 383 1140 469 ἐπιτη-

126 486 309 556 δειοτάτωυ
333 485 528 573 διάγνωσιν.
573 491 605 556 εί
625 487 690 576 γάρ
712 513 763 568 τις
784 480 829 576 ἦν
850 483 872 575 ἢ
894 490 1048 576 πατέρων
1071 489 1180 558 ἐπι-2

125 597 251 684 φανείρι
273 591 424 682 λαμπρὸς
445 589 466 681 ἢ
486 591 638 681 σωματος
659 593 753 684 (λύμη
773 592 956 683 διαπρεπὴς
978 589 1000 681 ἢ
1022 593 1140 680 πράξει

125 703 167 786 τῇ
194 697 277 768 κατὰ
304 713 398 788 χείρα
423 711 580 786 γενναῖος
607 695 628 787 ἢ
656 696 727 768 κατ’
753 698 860 787 ἀλλην
890 697 967 770 τινὰ
989 694 1138 786 τύχηνῆ

126 804 254 892 τόλμαν
291 807 451 894 ἐπίσημος
482 804 602 876 ἑαυτὸν
636 805 734 894 ἠξίου
769 806 899 876 τάττειν
935 808 1070 893 πρῦτον
1102 805 1168 872 ἐυδ

126 925 198 992 τοϊς
226 918 324 1000 τρισί.
375 913 501 1000 ταύτην
531 914 584 982 ἐπὶ
612 911 700 982 πολῦ
726 917 905 1000 χωροῦσαν
932 913 969 982 ἐν
996 910 1181 1000 ἀμφοτέ·3

126 1045 201 1106 ροις
226 1033 298 1099 τοῖς
324 1018 547 1107 στρατεύμασι
574 1019 635 1108 τὴν
663 1010 859 1115 φιλοτιμίαν
887 1019 906 1088 ὁ
933 1023 1001 1090 τῦν
1027 1017 1142 1106 ’Λλβοι-

126 1129 200 1194 νῦν
236 1129 359 1194 ἔπαυσε
400 1123 583 1213 στρατηγὸς
623 1125 846 1213 ἐνθυμηθείς,
884 1122 936 1194 ὅτι
975 1129 1055 1194 θεία
1090 1152 1142 1206 τις

128 1229 273 1318 πρόνοια
301 1233 337 1302 ἐκ
364 1235 492 1302 πολλοῦ
518 1233 738 1322 προορωμένη
770 1229 831 1301 τόν
863 1232 1027 1319 μέλλοντα
1059 1249 1142 1319 συμ-

127 1337 295 1424 βήσεσθαι
321 1352 394 1419 ταῖς
419 1337 558 1408 πόλεσιν
585 1338 703 1424 ἀγῦνα
728 1337 807 1419 τοῦς
833 1337 1141 1426 προκινδυνεύσου-
1156 1353 1182 1394 1⁰

127 1470 187 1524 τας
208 1441 292 1533 ῦπδρ
315 1443 427 1515 αύτῦν
450 1443 669 1514 κατεσκεύασε
698 1446 859 1531 γενέσθαι
886 1453 989 1528 ρίκων
1018 1470 1053 1512 τε
1080 1441 1143 1514 ούκ

129 1547 272 1637 ἀφανῶν
303 1553 360 1620 καὶ
387 1549 428 1620 τά
457 1553 599 1640 πολέμια
631 1549 783 1638 ἀγαθοὺς
815 1548 973 1638 ὀφθῆναί
1000 1577 1035 1620 τε
1066 1558 1142 1620 καλ-

129 1661 264 1737 λίστους
285 1658 342 1728 οιαὶ
364 1655 406 1727 ού
428 1659 590 1745 γενέσεως
611 1654 732 1745 ὁμοίας
752 1662 823 1736 τοίς
840 1663 978 1736 πολλοῖς
996 1664 1143 1743 μετειλη-

74 1762 254 1850 444φότας,
282 1761 367 1832 ἀλλά
399 1769 545 1834 σπανίου
576 1765 632 1834 καὶ
664 1765 862 1850 θαυμαστῆς
892 1760 949 1832 διὰ
976 1760 1014 1830 τό
1038 1761 1143 1850 παρό-

129 1871 240 1952 δοξον.
284 1867 424 1962 Ὁρατίφ
456 1869 520 1958 γάρ
552 1897 621 1944 τινι
646 1867 796 1960 Ῥωμαίῳ
828 1869 885 1938 καὶ
914 1872 1072 1960 Κορατίφ
1103 1832 1184 1959 τδὲ

127 1978 226 2064 γένος
258 1975 408 2070 Ἀλβανρῑ
445 1975 527 2048 κατά
563 1975 624 2046 τὸν
662 1975 766 2048 αὐτὸν
802 1974 930 2063 χρόνον
962 1971 1144 2060 ἐνεγγύησε

128 2084 319 2172 θυγατέρας
347 2083 511 2171 διδύμους
537 2088 692 2164 Σικίνιος
711 2081 881 2170 Ἀλβανός.
925 2080 1058 2160 τούτοις
1083 2078 1144 2167 ἀμ-

128 2189 285 2276 φοτέροις
312 2193 350 2258 αί
373 2203 531 2277 γυναῖκες
559 2189 740 2278 ἐγκύμονες
767 2188 835 2278 ἀμα
862 2188 1058 2277 γενόμεναι,
1085 2184 1145 2267 τὰς

128 2296 362 2383 πρωτοτόκους
385 2298 565 2387 ἐκφέρουσι
587 2295 692 2384 γονάς
715 2295 841 2387 ἀρρενα
859 2297 969 2384 βρέφη
988 2297 1145 2382 τρίδυμα,

127 2404 184 2472 καὶ
216 2401 301 2472 αύτδι
332 2399 383 2488 [ἀ]
417 2407 453 2472 οί
480 2402 675 2491 γεινόμενοι
706 2401 790 2489 πρὸς
825 2405 951 2472 οἰωνοῦ
983 2399 1186 2488 λαβόντεςεο

128 2507 264 2595 ἀγαθοῦ
292 2510 348 2580 καλ
378 2509 474 2580 πόλει
503 2511 559 2578 καί
589 2517 670 2601 οέκφ
702 2513 747 2602 τῷ
782 2511 931 2601 σφετέρφ
959 2509 1145 2596 τρέφουσιν

129 2613 260 2685 ἅπαντα
287 2617 343 2686 καὶ
370 2620 571 2686 τελειοῦσιν·
602 2613 685 2694 θεὸς
713 2613 744 2682 δ’
771 2613 900 2700 αῦτοίς,
931 2613 1042 2704 ὥσπερ
1071 2613 1143 2684 κατ’

129 2720 234 2810 ἀρχὰς
257 2728 360 2810 ἐφην,
384 2726 506 2792 δίδωσι
527 2721 650 2802 κάλλος
672 2749 707 2792 τε
729 2722 785 2792 καὶ
804 2721 921 2811 ῥύμην
944 2723 1000 2790 καὶ
1024 2721 1067 2810 δὴ
1090 2723 1146 2792 καί

129 2831 240 2915 ψυχῆς
268 2828 489 2916 γενναιότητα
521 2827 667 2916 μηδενὸς
696 2833 766 2898 τάν
799 2827 919 2918 ἀριστα
944 2827 1146 2916 πεφυκότων

130 2939 259 3022 χείροσι
276 2937 446 3022 γενέσθαι.
487 2935 619 3016 τούτοις
638 2940 725 3022 ἔγνω
744 2948 814 3016 τοῖς
831 2933 999 3022 ἀνδράσιν
1019 2932 1037 3002 ό
1055 2941 1144 3002 Φον-
1159 2951 1186 2994 2⁵

131 3042 263 3128 φέττιος
295 3043 481 3130 ἐπιτρέπειν
513 3041 574 3111 τὸν
610 3039 695 3131 ὑπὲρ
727 3045 786 3128 τῆς
816 3038 998 3128 ἡγεμονίας
1029 3038 1146 3125 ἀγῦυα

203 3267 330 3328 δαῦτόν
348 3274 374 3326 A
446 3279 522 3335 8τις
540 3272 563 3326 Β
580 3273 674 3327 om.R
747 3278 780 3326 13
800 3291 834 3326 ον
825 3265 989 3326 ’Βύολεελεε
1013 3265 1079 3326 οῦτε
1100 3268 1144 3340 Ol

131 3337 391 3413 δμ.οίαςΒοεοΒ
455 3348 489 3400 16
507 3363 558 3412 κο
567 3343 695 3429 α.τίφΒ
758 3347 790 3398 16
811 3335 914 3410 ένεγυ
916 3341 988 3396 σιΒ
1053 3346 1085 3394 17
1106 3357 1147 3395 σι-

130 3363 291 3546 ἕιμίέιρρεὲ
348 3419 383 3470 20
402 3407 496 3488 αότ<ἀ
516 3363 558 3486 ἀ>
576 3411 606 3469 οἱ
617 3397 676 3468 Β’“
658 3434 677 3467 α
697 3413 751 3470 del.
766 3412 868 3468 Reiske
931 3418 965 3468 23
985 3409 1026 3475 είς
1044 3407 1145 3474 κύλλος
