2670 3984
550 253 715 308 -Β-
862 323 865 328 ,
1074 253 1140 318 187

123 411 227 499 φύσις
249 409 427 500 ἁρμόττειν
448 411 528 493 τοὺς
550 415 648 498 βίους
669 409 766 500 ἡμῶν
785 411 919 501 ἤρξατο,
938 415 973 482 οί
989 412 1051 500 μὲν
1071 411 1138 483 ἀιτδ

122 523 192 588 τών
222 523 358 606 θηρίων
394 516 432 589 τὸ
469 517 680 608 καράδειγμα
711 519 874 606 λαβόντες
905 517 1052 608 ἀφέτους
1083 521 1138 589 καὶ

122 623 241 706 κοινὰς
262 623 321 706 τὰς
343 625 447 712 μίξεις
469 627 631 711 ἐποίησαν
656 629 702 718 τῷ
725 624 844 715 ἄρρενι
868 625 952 714 πρὸς
972 624 1012 696 τὸ
1035 629 1139 714 θῆλυ,

124 729 169 812 ώς
191 735 360 820 ἐρωτικῶν
388 757 423 800 τε
451 739 596 819 οίστρων
619 731 908 820 ἐλευθερώσοντες
933 731 1013 814 τοὺς
1042 737 1139 819 βίους

122 839 179 906 καὶ
217 836 325 925 ζήλων
360 834 618 924 ἀλληλοκτόνων
659 838 872 926 ἐξελούμενοι
910 841 966 908 καὶ
1003 843 1168 908 κολλώνο

124 941 237 1012 ἀλλων
261 941 507 1026 ἀπαλλάξοντες
528 946 657 1030 κακῶν,
685 941 706 1012 ἀ
728 943 976 1032 καταλαμβάνει
1003 947 1082 1026 τούς
1104 972 1139 1014 τε

125 1053 236 1130 ίδίους
259 1059 372 1131 οίκους
389 1051 445 1119 καί
463 1048 522 1132 τάς
540 1050 653 1132 πόλεις
673 1049 753 1132 ὅλας
772 1050 828 1120 διά
845 1065 1020 1138 γυναῖκας·
1049 1055 1084 1120 οί
1101 1052 1139 1122 δὲ
1158 1055 1183 1122 5

123 1156 246 1236 ταύτας
269 1155 330 1244 μὲν
359 1157 522 1245 ἐξήλασαν
551 1159 586 1226 ἐκ
613 1161 681 1226 τών
708 1157 840 1226 πόλεων
867 1157 925 1238 τὰς
948 1155 1140 1246 ἀγερώχους

123 1264 179 1332 καὶ
211 1261 395 1351 θηριώδεις
426 1267 610 1344 συνουσίας
644 1262 754 1351 ἀνδρα
787 1264 1061 1352 συναρμόσαντες
1092 1269 1141 1346 είς

123 1383 268 1458 γυναῖκα
297 1375 394 1457 μίαν,
421 1370 496 1458 περὶ
529 1373 567 1438 δε
599 1375 752 1458 φυλακῆς
778 1370 895 1458 γάμων
923 1372 978 1440 καί
1007 1391 1139 1460 σωφρο-
1154 1403 1183 1443 ιο

125 1475 232 1563 σύνης
254 1480 425 1563 γυναικών
448 1485 650 1563 νομοθετεῖν
674 1474 750 1545 οὔτε
770 1483 882 1564 μεῖζον
907 1473 979 1544 οὔτ’
1001 1481 1139 1546 ἔλαττον

126 1581 229 1653 οὐδὲν
266 1585 498 1671 ἐπεχείρησαν,
535 1581 609 1652 ἀλλ’
649 1581 694 1664 ὡς
734 1581 908 1652 ἀδυυάτου
948 1583 1141 1671 τράγματος

125 1689 332 1776 ἀντέστησαν·
365 1689 405 1759 ‘os
435 1691 473 1760 δὲ
505 1689 582 1760 οὔτε
617 1689 803 1782 ἀνεγγύους
834 1691 996 1776 ἐποίησαν
1030 1687 1182 1779 ώσιτερό

126 1803 213 1866 ἐνιοι
245 1801 314 1866 τών
350 1797 533 1887 βαρβάρων
567 1795 626 1878 τάς
663 1793 887 1885 ἀφροδισίους
923 1799 1027 1883 μίξεις
1064 1795 1140 1864 οὔτε

71 1903 267 1991 287ἀφῆκαν
287 1902 396 1992 ώσιτερ
421 1902 685 1992 Λακεδαιμόνιοι
708 1902 765 1983 τὰς
790 1906 858 1972 τών
881 1904 1053 1989 γυναικών
1077 1927 1139 1988 φυ-
1156 1933 1183 1974 ιι

125 2011 244 2098 λατός,
271 2008 356 2080 ἀλλά
383 2007 529 2090 πολλοὺς
557 2015 681 2078 ἐθεσαν
709 2007 761 2078 ἐπ’
782 2007 899 2088 αύταλς
926 2008 1054 2096 νόμους
1077 2027 1141 2075 σω-

126 2116 318 2207 φρονιστάς.
353 2117 418 2184 είσί
439 2113 471 2184 δ’
497 2121 533 2184 οἳ
548 2117 604 2184 καί
622 2113 826 2204 ἀρχήν-τινα
848 2115 1054 2200 κατέστησαν
1073 2116 1141 2182 ἐπι-

126 2225 359 2312 μελησομένην
382 2220 563 2310 εὐκοσμίας
588 2226 774 2309 γυναικών·
808 2220 849 2290 ού
872 2219 939 2309 μὴν
962 2218 1142 2309 ἀτοχρῶσά

125 2358 164 2418 γε
186 2327 207 2417 ἡ
230 2328 376 2418 τρόνοια
399 2327 511 2398 αύτών
534 2331 593 2414 τῆς
614 2327 795 2416 τηρήσεως,
818 2323 903 2396 ἀλλά
926 2328 1142 2414 μαλακωτέρα

125 2441 187 2506 τοῦ
212 2439 349 2517 δέοντος
371 2437 502 2522 ἐγένετο
524 2435 581 2503 καί
606 2432 666 2520 ούχ
695 2432 792 2520 ίκαυη
816 2431 878 2520 τὴν
901 2430 946 2520 μὴ
973 2436 1141 2523 σπουδαίη
1155 2464 1186 2504 εο

127 2543 229 2630 φύσει
243 2545 451 2631 κεκραμένην
469 2545 517 2621 είς
534 2539 685 2627 ἀνάγκην
704 2545 783 2625 βίου
801 2537 982 2627 σώφρονος
994 2537 1142 2626 ἀγαγεῖν.
1184 2613 1187 2618 ,
1219 2553 1222 2559 “

217 2651 319 2718 XXV.
344 2645 380 2716 Ὁ
403 2646 441 2715 δὲ
459 2644 628 2735 Ῥωμύλος
651 2645 728 2715 ούτε
752 2643 854 2731 ἀνδρὶ
877 2643 960 2714 κατὰ
982 2643 1143 2732 γυναικός

127 2757 316 2844 ἐγκλήματα
340 2752 421 2835 δοὺς
444 2758 634 2842 φθαρείσης
655 2748 677 2840 ἢ
705 2751 765 2821 τὸν
794 2750 889 2822 οίκον
916 2749 1041 2833 ἀδίκως
1062 2750 1143 2820 ἀτο-

127 2861 291 2950 λιττούσης
319 2859 395 2931 οὔτε
423 2863 548 2949 γαμετῇ
574 2857 645 2928 κατ’
672 2855 799 2947 ἀνδρὸς
826 2859 1008 2947 αίτιωμένη
1037 2857 1143 2927 κάκω-

201 3028 217 3076 3
242 3017 379 3090 ἐποίησαν
407 3019 561 3090 Κίοεελίιες,
589 3018 679 3074 Cobet
707 3017 772 3074 Obs.
800 3037 827 3088 μ.
855 3024 890 3074 46
928 3013 1142 3086 ἐτοιήεαντοΟ

128 3099 146 3148 4
166 3088 411 3162 ἐλευθερώσαντες
433 3093 460 3145 Α
541 3097 556 3146 6
581 3085 796 3156 ἀπαλλάξαντες
818 3089 844 3143 Α
925 3095 941 3144 8
965 3083 1075 3157 ἤλασαν
1093 3087 1116 3140 Β
1138 3088 1142 3159 λ

129 3159 163 3220 ἐκ
181 3163 238 3218 τῶν
256 3159 367 3219 πόλεων
385 3163 409 3218 Β
429 3158 461 3218 ἐκ
479 3162 530 3230 τῆς
547 3156 657 3223 πόλεως
675 3162 700 3216 R
772 3167 788 3215 9
808 3158 860 3216 ἕνα
878 3153 971 3228 ἀνδρα
994 3175 1017 3214 ο.
1037 3157 1145 3228 Kayser

128 3235 201 3292 Ann.
220 3235 290 3304 phil.
312 3240 379 3291 1861
399 3253 426 3304 p.
445 3238 462 3288 8
499 3227 584 3301 ἀνδρί
606 3226 835 3302 συναρμόσαντες
860 3250 921 3300 γυν.
941 3249 968 3298 μ.
987 3227 1144 3284 Ambroseh

130 3305 185 3378 είς]
203 3301 273 3376 πρὸς
295 3305 399 3361 Reiske
421 3305 469 3359 vel
492 3303 607 3373 γυναικὶ
629 3302 682 3375 μιᾷ
754 3307 787 3358 13
807 3298 837 3356 οί
852 3298 905 3371 μὲν
928 3295 995 3356 αύτε
1013 3300 1037 3355 Β
1110 3306 1145 3354 14

129 3379 220 3448 μίξεις
233 3377 257 3432 Β
271 3393 325 3433 om.
340 3377 366 3433 R
420 3381 453 3431 1⁶
468 3369 685 3446 ταραμελήτονς
698 3367 817 3442 ἀφῆκαν
832 3389 855 3427 ο.
870 3370 972 3427 Reiske
1029 3376 1061 3426 17
1076 3390 1142 3424 τιατ-

131 3443 252 3518 έστησάν
270 3467 334 3503 τινα
352 3449 376 3502 Β
449 3452 484 3502 20
502 3443 555 3515 τὴν
573 3444 729 3500 Ambrosch
747 3443 786 3498 τῶ
806 3441 830 3496 Β
848 3438 879 3498 τό
894 3443 920 3497 Α
992 3447 1025 3497 21
1046 3459 1143 3513 συγκε·

130 3518 274 3589 κραμέναν
293 3536 316 3574 ο.
335 3517 439 3574 Reiske
