2670 3984
625 261 788 314 ..B-

198 438 257 488 σιν
279 415 301 506 ἢ
324 419 446 488 άὸικον
469 417 649 500 ἀπόλειψιν
673 417 751 488 οῦτε
768 420 844 507 περὶ
862 417 1001 508 προικὸς
1020 415 1215 498 ἀποδόσεως

198 521 221 612 ἢ
244 529 386 613 κομιδῆς
412 524 540 613 νόμους
566 525 642 605 θείς
670 523 747 594 ούτε
774 523 856 594 άλλο
880 529 948 594 τῶν
971 530 1214 614 παραπλησίων

199 631 331 712 τούτοις
364 636 516 721 διορίσας
548 629 623 700 οὐδ’
654 629 786 718 ὁτιοῦν,
824 633 883 700 ἕνα
912 631 958 727 ,δὲ
988 631 1098 720 νόμον
1129 629 1213 720 ῦπὲρ

200 737 358 809 ἁπάντων
382 732 420 809 εὖ
444 745 573 827 ἔχοντα,
597 737 643 820 οῦς
670 737 755 808 αὐτὰ
776 737 817 808 τά
841 743 921 828 ἔργα
944 738 1102 826 ἐδήλωσε,
1115 765 1214 807 κατα-

157 871 174 912 ε
201 847 408 935 στησάμενος
440 851 487 928 είς
514 846 742 935 σωφροσύνην
778 847 835 914 καὶ
870 845 999 932 πολλὴν
1031 843 1213 933 εὐκοσμίαν

158 952 181 1017 2
199 952 304 1042 ἤγαγε
321 953 381 1034 τάς
398 967 570 1041 γυναῖκας.
605 946 650 1042 ἦν
672 953 709 1022 δὲ
729 952 859 1033 τοιόςὸε
885 950 902 1021 ὁ
924 951 1042 1040 νόμος·
1069 966 1214 1038 γυναῖκα

199 1059 346 1148 γαμετὴν
368 1059 430 1155 ’τὴν
453 1087 536 1130 κατα
559 1059 689 1148 γάμους
712 1057 824 1148 ίεροῦς
851 1061 1088 1128 συνελθοῦσαν
1111 1049 1214 1148 άνῦρὶ

198 1166 369 1237 κοινωνὸν
388 1164 548 1236 ἁπάντων
567 1165 655 1235 εἶναι
672 1165 852 1255 χρημάτων
869 1192 905 1235 τε
923 1167 979 1234 καὶ
998 1168 1108 1253 ίερῦν.
1136 1165 1267 1233 ἑκά-288
1329 1215 1333 1230 .

199 1281 284 1342 λουν
308 1274 346 1342 δὲ
368 1273 447 1354 τοῦς
471 1272 583 1362 ίεροῦς
604 1275 660 1342 καὶ
683 1278 848 1361 νομίμους
871 1277 906 1342 οί
926 1273 1063 1342 παλαιοὶ
1085 1271 1214 1360 γάμους
1319 1367 1320 1370 ¹

159 1377 360 1470 τοῬωμαῖκῇ
396 1386 605 1472 προσηγορία
643 1379 947 1469 περιλαμβάνοντες
988 1383 1214 1467 φαρραχείους

200 1487 253 1554 ἐπὶ
276 1491 334 1574 τῆς
352 1493 534 1568 κοινωνίας
551 1491 613 1556 τοῦ
626 1487 767 1577 φαρρός,
791 1483 810 1555 ὃ
828 1491 996 1574 καλοῦμεν
1014 1483 1110 1572 ἡμεῖς
1128 1486 1213 1566 ζέαν.
1325 1490 1330 1498 ’

200 1589 283 1682 αῦτη
307 1591 371 1682 γάρ
394 1586 439 1680 ἦν
462 1591 584 1682 άρχαία
606 1595 662 1662 καὶ
685 1596 781 1682 μέχρι
803 1597 930 1662 πολλοῦ
954 1591 1108 1680 συνήθης
1129 1589 1212 1660 άπα-
1259 1623 1260 1626 “

200 1717 256 1767 σιν
284 1698 399 1781 αὐτοῖς
430 1697 451 1788 ἡ
484 1701 607 1788 τροφή·
639 1701 734 1789 φέρει
762 1700 800 1768 δὲ
828 1699 957 1785 πολλὴν
982 1697 1039 1766 καὶ
1061 1695 1212 1785 ναλὴνὴ
1331 1782 1333 1790 ¹

195 1803 368 1894 Ῥωμαίων
391 1811 434 1895 νη
456 1809 532 1895 [τὴν
553 1809 651 1892 ζέαν].
692 1807 752 1874 καὶ.
768 1804 878 1896 ὥσπερ
895 1801 1011 1892 (ἡμεῖς
1027 1808 1080 1892 οί>
1094 1801 1213 1891 Ἕλλη·
1326 1846 1328 1851 -

158 1935 185 1976 15
199 1939 256 1993 νες
278 1913 340 1982 τὸν
363 1919 522 2003 κρίθινον
545 1912 676 2001 καρπὸν
705 1911 926 2000 ἀρχαιότατον
953 1909 1212 1998 ῦπολαμβάνον-
1329 1964 1334 1971 .

198 2045 251 2100 τες
274 2021 327 2088 ἐπὶ
350 2025 419 2089 τάν
441 2025 577 2089 θυσιῶν
604 2029 740 2107 κριθαῖς
766 2015 1001 2108 καταρχῦμεθα
1029 2016 1130 2098 οὐλάς
1153 2015 1213 2086 αῦ-

198 2123 257 2206 τάς
284 2131 479 2212 καλοῦντες,
507 2125 595 2196 οῦτω
614 2123 771 2214 Ῥωμαῖοι
800 2125 1001 2214 τιμιώτατόν
1023 2151 1059 2194 τε
1081 2123 1212 2212 καρπὸν

197 2233 254 2300 καὶ
276 2229 498 2320 ἀρχαιότατον
522 2230 609 2301 εἶναι
627 2237 820 2319 νομίζοντες
837 2230 896 2312 τάς
915 2233 986 2313 ζέας
1005 2229 1062 2299 διά
1080 2231 1212 2300 τούτων

198 2335 328 2425 ἁπάσης
352 2337 502 2426 έμπύρου
524 2344 649 2420 θυσίας
670 2339 902 2429 κατάρχονται.
948 2339 1042 2425 μένει
1069 2335 1135 2425 γὰρ
1163 2342 1212 2406 ἔτι

110 2487 116 2498 .
157 2465 186 2504 εο
199 2444 255 2511 καὶ
279 2442 321 2512 οῦ
344 2446 594 2532 μεταπέπτωκεν
622 2450 669 2525 εἰς
695 2445 975 2530 πολυτελεστέρας
996 2441 1146 2532 άπαρχῦς
1167 2442 1266 2512 τὸ289

156 2544 179 2608 3
200 2553 289 2629 ἔθος.
334 2552 372 2620 τὸ
397 2550 438 2638 δὴ
461 2551 650 2632 κοινωνοὺς
671 2557 730 2640 τῆς
753 2552 931 2640 ἱερωτάτης
953 2552 1061 2621 τεκαὶ
1079 2550 1212 2639 πράτης

198 2659 327 2743 τροφῆς
353 2658 514 2742 γενέσθαι
542 2672 705 2744 γυναῖκας
731 2657 877 2747 άνθράσι
908 2657 964 2725 καὶ
997 2657 1051 2727 ἐπὶ
1077 2661 1118 2746 τῇ
1148 2654 1211 2746 ὅλη

198 2770 380 2831 συνελθεῖν
402 2762 485 2852 τύχη
508 2761 570 2851 τὴν
594 2764 656 2852 μέν
679 2767 853 2853 ἐπίκλησιν
876 2767 934 2852 τῆς
950 2767 1133 2844 κοινωνίας
1149 2769 1211 2833 τοῦ

269 2953 393 3029 3νάμον
416 2959 559 3030 Kiessling
586 2957 716 3048 μίνονΟ
796 2959 877 3024 δείς
900 2955 1082 3029 εὐφροσύνην
1105 2960 1210 3030 μᾶλλον
1263 2987 1265 2992 ·

197 3027 230 3084 δὲ
255 3025 442 3115 σωφροσύνην
464 3050 490 3084 κ.
508 3049 538 3086 π.
563 3033 717 3101 ευκοσμίαν
739 3032 762 3086 Β
790 3029 831 3094 εἰς
855 3027 1008 3102 εῦκοσμίαν
1031 3029 1083 3092 καλ,
1104 3026 1210 3098 πολλὴν
1325 3044 1334 3051 ‘⁴

198 3117 383 3170 σωφροσυνην
410 3103 451 3156 R·
517 3103 735 3172 6γυναῖκαςΒ
767 3098 890 3172 γαμετάς
916 3103 968 3156 R·
1023 3095 1209 3172 ἵνάμουςΟ

197 3167 306 3242 γάμους
330 3171 454 3228 ὃίηλουίε
477 3172 537 3228 Em.
557 3173 638 3230 Dion.
657 3174 670 3228 I
694 3191 723 3244 p.
743 3179 777 3228 26
850 3179 866 3228 9
884 3173 934 3228 καλ
952 3173 1089 3243 νομίμους
1110 3187 1164 3227 om.
1184 3173 1210 3226 A

199 3247 232 3296 10
251 3245 428 3313 φαρραχίους
446 3245 471 3298 Α
490 3243 739 3314 φαρραγχείουςΒ
813 3250 846 3298 11
866 3238 975 3314 φάρσος
993 3244 1041 3298 ΑΒ
1121 3248 1154 3297 12
1172 3233 1210 3311 ἦν

197 3329 251 3368 om.
271 3315 296 3368 A
368 3320 403 3369 14
421 3311 474 3383 τὴν
493 3313 560 3380 ζέαν
578 3317 633 3372 del.
647 3317 770 3372 Reudler
784 3315 874 3370 Τίτου.
888 3332 916 3384 p.
931 3320 965 3369 22
983 3315 987 3383 Ι
1002 3309 1084 3385 ἡμεῖς
1101 3311 1132 3368 ολ
1144 3313 1208 3368 add.

196 3384 299 3440 Bfeiske
372 3392 405 3441 16
425 3380 513 3448 ούλάς
530 3385 553 3437 Β
572 3382 640 3450 ὀλὰς
658 3389 684 3442 R
756 3392 790 3442 17
809 3387 925 3474 καρπῶν
943 3385 1014 3440 ABa
1031 3380 1143 3454 καρπὸν
1162 3385 1209 3438 Bb
1290 3445 1291 3448 Ἴ

198 3460 231 3509 19
251 3453 292 3509 ἔτι
311 3455 360 3510 κοιλ
378 3457 433 3510 νῦν
451 3454 554 3512 καλοῦ
574 3475 596 3514 ο.
616 3459 719 3514 Reiske
791 3463 826 3512 20
845 3453 977 3526 αρχῦςΟ
1049 3461 1084 3510 22
1102 3457 1137 3526 τῇ
1156 3449 1208 3526 ῦλῃ

195 3525 298 3582 Reiske
317 3527 403 3598 πολλῇ
425 3527 447 3582 O
466 3523 543 3599 πάσῃ
563 3545 586 3583 ο.
607 3530 787 3585 Casaubonus
