2670 3984
203 211 267 276 144
627 213 792 264 -Α-

200 386 270 451 τοῖς
292 375 483 448 νεανίσκοις
504 369 560 438 καὶ
583 367 735 456 χρήματα
760 369 816 438 καὶ
840 367 927 437 ὅπλα
954 369 1011 436 καὶ
1039 381 1129 448 σῖτος
1160 368 1219 436 καὶ

201 476 399 564 ἀνδράποδα
425 476 482 544 καὶ
513 473 677 561 ὑποζύγια
708 471 890 562 ἀχθοφόρα
921 475 976 542 καὶ
1009 483 1043 542 εί
1070 502 1103 544 τι
1134 473 1219 544 ἀλλο

161 584 330 664 4πόλεας
356 575 400 670 ἦν
428 585 613 670 κατασκευῇ
643 581 851 669 πρόσφορον.
898 578 943 661 ὡς
966 580 1004 650 δὲ
1027 579 1220 668 ἀνέστησαν

122 744 125 750 ·
202 694 237 760 ἐκ
263 688 461 778 τής”Αλβας
489 692 525 758 οί
549 694 724 758 νεανίσκοι
751 685 812 758 τόν
838 685 926 756 λεών
950 689 1102 775 μίξαντες
1125 686 1220 780 αύτῷ

161 828 174 868 5
201 797 261 867 τὸν
285 796 445 882 αὐτόθεν,
464 793 543 876 ὅσος
565 786 609 883 ήν
633 797 670 863 έν
693 797 739 887 τῷ
759 801 960 886 Παλλαντίῳ
979 796 1035 863 καλ
1057 796 1134 884 περὶ
1152 793 1243 894 τήν,

203 909 397 992 Σατορνίαν
419 900 596 990 ὑπολιπής,
619 907 809 990 μερίζονται
838 899 876 970 τὸ
899 905 1031 988 πλῆθος
1053 899 1144 970 ἅπαν
1168 905 1220 968 δι-

202 1015 254 1100 χή.
299 1012 398 1080 τούτο
428 1007 465 1076 δὲ
492 1005 607 1088 αὐτοῖς
636 1006 739 1088 δόξαν
762 1008 905 1095 παρέσχε
935 1013 1137 1095 φιλοτιμίας,
1160 1011 1221 1076 ἵνα

202 1121 330 1185 θᾶττον
358 1109 501 1200 ἀνύηται
528 1117 568 1202 τῇ
598 1111 683 1202 πρὸς
710 1110 878 1200 ἀλλήλους
900 1110 1022 1203 ἁμίλλῃ
1050 1111 1090 1182 τὰ
1121 1117 1274 1202 ἔργματα

164 1229 313 1292 θαίτιον
338 1219 376 1288 δὲ
397 1224 458 1288 τοῦ
486 1225 644 1308 μεγίστου
666 1223 788 1306 κακοῦ,
811 1219 974 1306 στάσευς,
998 1222 1140 1306 ἐγένετο.
1185 1223 1225 1288 ολ

164 1353 189 1391 10
202 1355 237 1398 τε
263 1325 327 1416 γὰρ
355 1328 648 1414 προσνεμηθέντες
676 1324 792 1406 αὐτοῖς
817 1326 878 1396 τὸν
906 1329 1036 1396 ἑαυτῶν
1068 1325 1221 1414 ἡγεμόνα

204 1437 335 1504 ἕκαστοι
362 1436 581 1512 κυδαίνοντες
613 1430 658 1512 ὡς
688 1433 879 1520 ἐπιτήδειον
904 1429 1069 1504 ’ἁπάντων
1101 1432 1221 1523 ἀρχειν

204 1543 344 1629 ἐπῆρον,
372 1537 473 1607 αὐτοί
496 1565 530 1608 τε
559 1531 670 1608 οὐκέτι
698 1545 780 1626 μίαν
807 1539 948 1628 γνώμην
977 1546 1109 1628 ἔχοντες
1137 1535 1222 1610 ούδὲ

204 1643 336 1734 ἀδελφὰ
359 1650 573 1716 διανοεῖσθαι
596 1645 783 1734 ἀξιοῦντες,
812 1645 858 1728 ὡς
880 1644 981 1728 αύτὸς
1009 1646 1121 1736 ἀρξιον
1145 1647 1221 1716 όκά-

204 1779 298 1843 τερος
316 1756 477 1840 θατέρου,
495 1751 710 1840 παρώσαντες
726 1752 764 1822 τὸ
790 1762 866 1822 ἴσον
885 1757 946 1822 τοῦ
963 1759 1120 1834 πλείονος
1138 1752 1222 1841 ἀρέ-

164 1882 190 1922 15
203 1887 315 1947 χοντο.
359 1861 439 1942 τέως
463 1859 524 1948 μὲν
544 1852 607 1929 οὖν
627 1858 741 1948 ἀφανή
759 1860 800 1930 τὰ
819 1861 1088 1950 πλεονεκτήματα
1106 1859 1221 1930 αὐτῶν

165 1973 185 2036 6
204 1959 257 2056 ήν,
281 1972 392 2036 ἔπειτα
416 1965 454 2034 δέ
477 1966 636 2055 έξερράχη
656 1966 721 2036 σύν
744 1968 859 2058 τοιᾷδε
877 1967 1053 2055 προφάσει.
1094 1965 1132 2036 τὸ
1156 1990 1221 2054 χω-

205 2081 281 2164 ρίον
308 2080 394 2142 ἔνθα
423 2079 562 2160 ἔμελλον
595 2073 748 2161 ἱδρύσειν
779 2075 843 2162 τήν
870 2074 971 2143 πόλιν
1000 2073 1041 2144 ού
1067 2071 1105 2142 τὸ
1136 2071 1221 2142 αύτὸ

204 2179 316 2272 ήρεῖτο
336 2180 498 2267 ἑκάτερος.
525 2177 699 2266 Ῥωμύλου
713 2180 775 2268 μὲν
792 2180 857 2270 γὰρ
876 2175 919 2268 ήυ
938 2180 1056 2270 γνώμη
1074 2179 1112 2249 τὸ
1130 2187 1222 2248 Παλ-

205 2288 343 2356 λάντιον
368 2291 503 2368 οἰκίζειν
531 2288 599 2354 τιόυ
626 2311 661 2354 τε
689 2284 801 2354 ἀλλων
830 2290 927 2356 ἕνεκα
954 2289 1010 2356 καὶ
1037 2291 1097 2374 τῆς
1118 2287 1222 2374 τύχης

165 2423 192 2461 ιο
205 2397 266 2460 τοῦ
283 2391 401 2477 τόπου,
420 2387 441 2478 ἣ
460 2389 498 2460 τὸ
518 2395 678 2478 σωθῆναί
692 2417 728 2462 τε
747 2391 862 2474 αύτολς
879 2395 936 2464 καὶ
949 2397 1119 2482 τραφῆναι
1137 2418 1222 2481 παρ-

207 2501 294 2586 έσχε·
321 2496 436 2589 Ῥώμῳ
461 2497 499 2565 δὲ
522 2496 632 2566 έδόκει
654 2497 718 2586 τήν
735 2503 948 2588 καλουμένην
971 2504 1037 2570 νῦν
1060 2497 1116 2568 ἀπ’
1138 2502 1220 2568 έκεί

206 2632 271 2674 νου
288 2601 464 2692 Ῥεμορίαν
489 2608 633 2697 οἰκίζειν.
675 2611 744 2674 ἔστι
768 2605 806 2674 δὲ
828 2605 866 2674 τὸ
885 2612 1011 2694 χωρίον
1030 2605 1220 2692 ἐπιτήδειον

205 2709 435 2793 ὑποδέξασθαι
466 2709 568 2780 πόλιν
605 2709 711 2799 λόφος
739 2710 780 2781 ού
811 2713 927 2800 πρόσω
964 2717 1025 2782 τοῦ
1061 2713 1276 2800 Τεβέριοςεεε

205 2823 371 2905 κείμενος,
403 2815 537 2904 ἀπέχων
565 2821 624 2905 τής
650 2817 777 2906 Ῥώμης
807 2817 894 2908 ἀμφὶ
924 2819 1005 2900 τοὺς
1039 2818 1222 2908 τριάκοντα

166 2951 191 2992 ει
207 2927 374 3004 σταδίους.
418 2925 454 2992 έκ
477 2923 515 2992 δὲ
536 2927 595 3012 τῆς
618 2931 827 3012 φιλονεικίας
848 2927 970 3014 ταύτης
993 2925 1223 3012 ἀκοινώνητος

207 3028 311 3112 εὐθὺς
332 3029 541 3116 ὑπεδηλοῦτο
566 3038 734 3120 φιλαρχία.
780 3037 825 3126 τῷ
850 3033 914 3122 γὰρ
934 3036 1064 3118 ελξαντι·
1080 3031 1118 3102 τὸ
1141 3059 1236 3122 κρα-,

206 3141 312 3224 τήσαν
335 3141 382 3217 είς
404 3135 513 3206 πάντα
536 3134 661 3224 ὁμοίως
683 3139 907 3226 ἐπιθήσεσθαι
927 3144 1072 3228 ἔμελλεν.
1102 3133 1105 3136 ’

278 3337 294 3386 2
313 3331 363 3386 καλ
380 3327 522 3401 ὑποζύγια
540 3348 594 3388 om.
614 3332 660 3388 Ba
723 3341 741 3388 4
758 3330 811 3390 λεώ
830 3336 856 3388 Α
872 3337 876 3404 Ι
893 3330 989 3390 αύτάν
1009 3335 1031 3388 Ο
1097 3341 1130 3390 12
1151 3330 1223 3405 ἐπῆ-

208 3422 260 3471 ραν
278 3403 301 3456 Β
363 3409 407 3458 22.
428 3409 461 3457 23
480 3398 512 3457 τὸ
532 3405 634 3472 χωρίον
650 3435 683 3444 -
697 3401 792 3476 πρόσω
811 3423 866 3462 om.
885 3407 911 3460 A
974 3411 1009 3461 25
1027 3401 1224 3476 ἀκοινώνητος

208 3489 262 3527 om.
281 3473 304 3526 B
377 3479 410 3528 27
429 3471 495 3536 *εἰς
512 3469 609 3530 πάντα
628 3473 654 3530 Ο.
670 3469 786 3532 ἅπαντα
804 3477 945 3548 Kiossling
