2698 3982
578 225 742 274 -Α-
1128 221 1170 286 ιε

151 381 287 465 θρωποι
319 379 665 468 προσαγορευόμενοι,
698 382 794 468 με’χρι
827 379 888 467 μὲν
919 384 981 450 τοῦ
1017 385 1170 467 Τρωικοῦ

151 487 299 573 πολέμου
322 483 384 572 τὴν
408 484 552 576 ἀρχαίαν
576 491 645 558 τῶν
665 483 887 576 Ἀβοριγίνων
911 483 1097 574 ὀνομασίαν
1122 493 1169 556 ἔτι

153 593 324 676 σώζοντες,
344 593 396 662 ἐπὶ
416 593 453 663 δὲ
473 598 624 662 Λατίνου
642 593 815 680 βασιλέως,
834 589 871 674 δς
890 593 973 662 κατά
997 591 1056 662 τὸν
1073 592 1169 662 Ἰλια-

151 698 213 770 κὸν
231 700 380 787 πόλεμον
399 699 611 785 ἐδυνάστευε,
625 707 766 768 Λατῖνοι
785 699 967 788 ἀρξάμενοι
984 708 1168 770 καλεῖσθαι.

147 803 320 894 Ῥωμύλου
348 805 386 874 δὲ
414 804 478 893 τὴν
507 805 686 894 ἐπάνυμον
718 805 825 876 αὑτοῦ
852 805 953 876 πόλιν
981 783 1209 912 οἰκίσαντοςχ4

152 915 325 983 ἑκκαίδεκα
361 925 492 999 γενεαῖς
527 917 597 982 τόν
637 917 797 1002 Τρωικῶν
834 910 993 1000 ὕστερον,
1023 909 1066 1000 ἣν
1103 916 1168 982 νῦν

97 1038 131 1087 εκ
150 1024 285 1108 ἔχουσιν
304 1018 492 1106 ὀνομασίαν
512 1019 766 1106 μεταλαβόντες,
782 1025 884 1100 ἔθνος
905 1045 940 1088 τε
958 1019 1116 1106 μέγιστον
1135 1021 1168 1100 ἐξ

151 1128 326 1213 ἐλαχίστου
344 1126 506 1213 γενέσθαι
526 1123 591 1196 σὺν
605 1125 716 1217 χρόνῳ
730 1125 984 1222 παρεσκεύασμν
1003 1127 1059 1196 καί
1077 1149 1168 1213 περι-

150 1233 360 1319 φανέστατον
383 1233 416 1313 ἐξ
439 1231 661 1320 ἀδηλοτάτου,
679 1236 748 1301 τῶν
766 1259 801 1302 τε
821 1233 991 1320 δεομένων
1010 1233 1169 1320 οἰκήσεως

150 1338 238 1426 παρὰ
262 1345 359 1426 σφίσι
382 1339 616 1430 φιλανθρώπῳ
636 1340 792 1428 ἀποδοχῇ
812 1341 868 1408 καί
887 1345 1054 1421 πολιτείας
1072 1367 1167 1430 μετα·
1182 1363 1208 1404 ιο

151 1445 244 1514 δόσει
266 1458 336 1525 τοῖς
358 1443 439 1534 μετά
461 1449 523 1514 τοῦ
547 1450 708 1531 γενναίου
739 1447 776 1514 ἐν
798 1445 931 1536 πολέμῳ
959 1456 1167 1534 κρατηθεῖσι,

151 1553 284 1622 δούλων
315 1578 351 1622 τε
384 1549 459 1620 ὅσοι
495 1550 575 1640 παρ’
605 1549 720 1632 αὐτοῖς
757 1553 1020 1642 ἐλευθερωθεῖεν
1053 1549 1167 1634 ἀστοῖς

150 1657 236 1728 εἶναι
264 1658 492 1747 συγχωρήσει,
523 1657 624 1746 τόχης
655 1685 690 1728 τε
723 1657 917 1743 ἀνθρώπων
950 1657 1110 1746 οόδεμιάς
1137 1662 1169 1728 εί

150 1767 265 1853 μέλλοι
287 1764 325 1834 τὸ
349 1764 467 1834 κοινὸν
491 1763 637 1853 ἀφελεῖν
660 1762 856 1846 ἀπαξιώσει·
893 1762 979 1854 ὑπὲρ
1001 1770 1105 1834 ταῦτα
1129 1764 1167 1833 δὲ

148 1873 258 1942 πάντα
284 1871 397 1964 κόσμμ
425 1876 488 1942 τοτ’
516 1871 771 1960 πολιτεύματος,
800 1868 841 1940 δν
870 1873 905 1940 ἐκ
931 1875 1067 1940 πολλῶν
1091 1897 1165 1940 κατ·
1180 1892 1206 1934 τε

149 1979 330 2066 εστήσαντο
353 1979 577 2067 παθημάτων,
597 1982 633 2048 ἐκ
651 1977 775 2059 παντός
793 1987 914 2066 καιροῦ
937 1977 1167 2065 λαμβάνοντές

148 2113 180 2154 τι
202 2085 376 2174 χρήσιμον.

236 2212 275 2277 Χ.
311 2208 397 2290 Τοὺς
420 2209 459 2278 δὲ
480 2209 701 2297 Ἀβοριγῖνας,
724 2205 784 2296 ἀφ’
803 2200 855 2277 ’ὧν
878 2207 972 2298 ἀρχει
990 2205 1166 2296 Ῥωμαίοις

147 2315 185 2384 τὸ
208 2317 317 2404 γένος,
337 2319 373 2384 οί
388 2316 450 2403 μὲν
470 2313 683 2404 αὐτόχθονας
698 2313 849 2402 Ἰταλίας,
868 2317 966 2402 γένος
985 2313 1066 2384 αὐτὸ
1085 2311 1161 2383 καθ’

148 2421 246 2491 ἑαυτὸ
270 2421 457 2510 γενόμενον
480 2421 744 2511 ἀποφαίνουσιν·
771 2420 914 2490 Ἰταλίαν
938 2422 976 2490 δὲ
993 2427 1083 2492 καλά
1102 2421 1165 2509 τὴν
1178 2433 1205 2474 ²⁰

147 2525 251 2615 ἀκτὴν
275 2528 469 2617 σύμπασαν,
498 2527 584 2616 όσην
603 2526 723 2609 Ἰόνιός
750 2554 785 2596 τε
808 2526 932 2608 κόλπος
954 2529 1010 2596 καλ
1037 2536 1163 2618 Τυρρη-

146 2635 222 2720 νικὴ
251 2635 409 2703 θάλασσα
436 2636 494 2704 καλ
521 2641 629 2724 τρίται
652 2636 867 2723 περιέχουσιν
890 2636 926 2702 ἐκ
947 2633 1163 2722 γῆς’Ἇλπεις.

90 2745 127 2797 28
146 2743 202 2810 καὶ
224 2741 288 2830 την
311 2740 498 2829 ὀνομασίαν
522 2739 638 2822 αὐτοῖς
664 2739 727 2827 τὴν
754 2743 890 2827 πράτην
913 2741 996 2828 φασὶ
1020 2747 1163 2830 τεθῆναι

145 3009 216 3048 corr.
235 2991 287 3046 Bm
322 2994 450 3062 Ιδιτταῖς
468 2989 612 3062 Kiessling
634 2983 778 3051 αόταῖςΟ
807 2995 924 3059 συχναῖς
942 2989 1064 3059 Sylburg
1088 3007 1163 3058 τρισ-

145 3069 208 3125 σαῖς
226 3009 331 3118 Βείεάεε
354 3063 408 3118 del.
431 3062 534 3188 Pflugk
605 3067 622 3116 2
646 3061 682 3116 τί.
703 3060 799 3130 Steph.
820 3061 885 3130 Βγτ.
909 3078 929 3116 ε.
948 3078 974 3115 v.
997 3055 1163 3132 Ἀβοριγῖνες

181 3129 388 3190 δέδονάατευε
409 3132 458 3188 ,Β
511 3130 683 3188 δυνάστευσε
707 3130 732 3184 R
756 3133 786 3186 οῖ
808 3131 945 3186 Eusebius
1027 3126 1162 3185 θαότοῦ

146 3205 257 3275 Sauppe
282 3203 355 3274 Eph.
379 3203 457 3259 Gott.
482 3210 551 3260 1861
578 3223 606 3274 p.
632 3209 700 3258 1859
737 3197 833 3257 αότοῢ
849 3201 897 3256 AB
923 3207 927 3266 Ι
953 3198 1161 3270 οίκήσαντοςΟ

145 3281 210 3331 8τε
225 3276 314 3331 om.B
370 3281 403 3330 15
417 3273 545 3344 μέλλοιεν
553 3275 663 3330 Βίλεολιλ
714 3279 747 3328 16
762 3273 899 3343 τοόῦυες
913 3271 976 3328 τεΟ
1027 3278 1062 3327 20
1076 3272 1163 3328 verba

145 3345 225 3416 γένος
240 3388 247 3400 .
262 3389 269 3400 .
285 3389 292 3401 .
306 3343 461 3414 γενόμενον
481 3346 535 3402 del.
551 3345 653 3400 (λαντον
668 3345 733 3401 Obs.
754 3345 792 3399 ad
807 3343 922 3413 Dionys.
931 3362 964 3470 χ.
975 3349 1008 3397 31
1065 3349 1098 3398 22
1114 3342 1163 3398 καλ

121 3473 124 3479 ,
145 3413 297 3486 τυρρηνιιιὴ
316 3414 450 3472 θάλασσα
464 3419 496 3487 Β,
511 3435 565 3473 om.
580 3421 604 3470 Δ
619 3420 655 3486 (εί
668 3418 830 3488 thyrrenum
843 3432 918 3472 mare
954 3417 1007 3483 οε.)
1063 3421 1097 3470 23
1112 3433 1162 3470 πε-

146 3489 292 3557 ριέπουσιν
306 3487 329 3541 Β
345 3491 350 3557 Ι
367 3484 400 3544 ἐκ
418 3489 468 3557 τῆς
486 3488 511 3544 A
