2660 3986
552 279 585 290 -
624 255 718 304 Γ-
1076 251 1141 316 347

127 415 352 497 ψηφηφορίαν
375 407 455 489 τοὺς
475 407 579 488 θεοὺς
603 413 670 478 έδει
693 408 756 497 τὴν
779 416 954 497 βασιλείαν
979 411 1068 505 αὐτῷ
1093 411 1139 481 δι’

128 521 261 585 οἰωνῶν
295 520 415 584 αίσίων
449 517 676 584 έπυθεσπίσαι·
718 515 829 604 ἀνδρα
861 517 899 586 δὲ
932 516 1055 607 μιαρὸν
1086 523 1142 588 καὶ

125 623 300 703 τοσούτοις
322 620 518 712 ᾑμαγμένον
542 622 663 710 φόνοις
685 620 816 704 ἀδίκοις
837 631 888 705 τίς
912 631 1025 711 ἔμελλε
1047 630 1141 694 θεῶν

125 727 147 817 ἢ
172 730 347 818 δαιμόνων
365 728 529 817 παρήσειν
552 735 680 817 βωμοῖς
701 756 736 798 τε
754 730 940 819 προσιόντα
957 733 1013 800 καὶ
1031 732 1141 819 θυμοί-

124 863 194 906 των
222 836 474 924 καταρχόμενον
503 837 558 904 καὶ
586 834 644 916 τάς
671 835 775 916 ἀλλας
801 839 1016 907 ἐπιτελοῦντα
1039 847 1168 926 θεραε

125 949 231 1031 πείας,
266 941 330 1030 έγεὸ
358 942 420 1030 μὲν
452 940 494 1028 δὴ
525 941 582 1010 διὰ
612 947 716 1012 ταῦτα
747 941 808 1012 οῦκ
837 949 884 1024 είς
916 942 1140 1033 ἀνθρωπίνην

127 1048 309 1138 ἐπιβουλὴν
333 1047 406 1117 ἀλλ’
428 1054 476 1129 είς
498 1053 584 1118 θεοῦ
603 1050 768 1136 βούλησιν
786 1049 824 1118 τὸ
849 1055 950 1137 ἔργον
969 1050 1140 1140 ἀναφέρω,

124 1158 265 1246 κρινέτω
290 1154 321 1224 δ’
349 1157 485 1235 ἕκαστος
509 1153 554 1235 ὡς
576 1155 741 1242 βούλεται.

213 1265 362 1332 XXXVI.
386 1261 482 1332 Μετὰ
504 1261 542 1330 δὲ
562 1260 624 1348 τὴν
641 1260 807 1331 Ὁστιλίου
830 1261 962 1332 Τύλλον
981 1264 1140 1352 τελευτὴν

124 1367 145 1457 ἡ
170 1375 421 1458 μεσοβασίλειος
448 1367 514 1437 ὑπὸ
542 1373 601 1455 τῆς
630 1372 756 1456 βουλῆς
784 1367 1024 1457 ἀποδειχθεῖσα
1054 1369 1138 1460 ἀρχὴ
1155 1403 1181 1443 10

124 1474 207 1544 κατά
238 1475 317 1554 τοὺς
346 1480 508 1563 πατρίους
540 1474 703 1563 ἐθισμοὺς
739 1478 880 1561 αἱρεῖται
911 1480 1051 1562 βασιλέα
1082 1483 1141 1565 τῆς

125 1582 253 1662 πόλεως
276 1583 435 1672 Μάρκιον
459 1585 633 1668 ἐπίκλησιν
647 1581 786 1668 Ἄγκον·
810 1583 1079 1670 ἐπικυρώσαντος
1102 1587 1140 1654 δέ

124 1693 185 1758 τοῦ
210 1689 320 1777 δήμου
342 1689 383 1758 τὰ
402 1689 547 1772 δόξαντα
565 1693 605 1778 τῇ
624 1692 731 1777 βουλῇ
754 1689 810 1756 καὶ
833 1692 902 1757 τόν
921 1692 957 1757 ἐκ
975 1694 1036 1758 τοῦ
1053 1696 1140 1760 θεοῦ

123 1800 236 1865 καλῶν
258 1798 453 1884 γενομένων
477 1797 677 1874 συντελέσας
702 1793 743 1863 τά
771 1793 854 1862 κατίι
876 1795 985 1881 νόμον
1008 1793 1140 1865 ἅπαντα

67 1903 382 1991 518παραλαμβάνει
400 1901 462 1990 την
481 1901 589 1991 ἀρχὴν
613 1899 631 1970 ὁ
651 1901 807 1985 Μάρκιος
830 1904 972 1994 ἐνιαυτῷ
993 1903 1138 1994 δευτέρῳ
1154 1934 1179 1974 15

122 2015 181 2098 τῆς
211 2014 411 2099 τριακοστῆς
441 2009 497 2076 καὶ
533 2011 681 2097 πέμπτης
714 2007 937 2095 όλνμπιάδος,
969 2005 1013 2095 ἣν
1046 2011 1140 2077 ένίκα

123 2114 306 2204 <στάδιον>
322 2124 477 2207 Σφαῖρος
497 2114 514 2184 ὁ
536 2114 820 2202 Λακεδαιμόνιος,
845 2113 925 2183 καθ’
947 2113 988 2184 δν
1011 2115 1139 2203 χρόνον

120 2222 284 2310 Ἀθήνησι
306 2221 369 2310 τὴν
398 2221 572 2291 ένιαόσιου
591 2220 698 2310 ἀρχὴν
722 2219 788 2308 εἶχε
813 2227 998 2309 Δαμασίας.
1040 2213 1177 2303 οῦιος2

124 2328 142 2398 δ
167 2327 324 2416 βασιλεῦς
341 2327 467 2408 πολλὰς
484 2331 552 2396 τῶν
572 2331 774 2416 ίερουργιῶν
793 2325 1023 2416 ἀμελουμένας
1040 2355 1138 2398 κατα-

122 2434 261 2525 μαθών,
293 2431 333 2514 ἀς
365 2433 383 2503 ὁ
417 2434 638 2524 μητροπάτωρ
672 2432 778 2503 αὐτοῦ
806 2440 996 2522 Πομπίλιος
1018 2435 1139 2522 Νόμας
1153 2467 1179 2508 ιο

121 2541 356 2630 κατεστήσατο,
379 2541 580 2628 πολεμιστάς
602 2567 637 2610 τε
659 2541 715 2609 καὶ
733 2543 933 2622 πλεονέκτας
950 2541 1030 2624 τοὺς
1050 2548 1136 2610 πλεί-
1179 2533 1183 2540 ’

122 2669 222 2730 στονς
239 2647 414 2738 Ῥωμαίων
442 2647 624 2734 γεγονότας
651 2646 743 2735 δρῦν
769 2649 825 2716 καί
854 2647 964 2718 οῦκέτι
985 2651 1049 2736 τὴν
1072 2655 1138 2737 γῆν

123 2753 168 2836 ὡς
191 2755 356 2844 πρότερον
381 2756 636 2845 ἐργαζομένους,
663 2755 866 2842 συναγαγών
889 2759 937 2836 είς
960 2758 1137 2843 ἐκκλησίαν

121 2860 160 2929 τὸ
188 2870 319 2949 πλῆθος
349 2861 390 2929 τά
422 2887 457 2929 τε
488 2870 567 2930 θεῖα
599 2864 712 2948 σέβειν
745 2859 869 2941 αὐτοὺς
898 2859 995 2949 ἠξίου
1024 2862 1137 2949 πόλιν,

122 2965 233 3057 ὥσπερ
257 2969 310 3037 ἐπὶ
324 2966 427 3056 Νόμα
446 2971 618 3037 διετέλουν
638 2971 804 3054 σέβοντες,
824 2967 957 3049 διεξιὼν
976 2965 1029 3036 ὅτι
1047 2966 1137 3056 παρὰ
1151 2997 1177 3038 ει

120 3072 185 3162 τὴν
211 3079 281 3145 τῶν
309 3079 402 3144 θεῶν
436 3073 618 3163 ὀλιγωρίαν
645 3073 744 3142 νόσοι
775 3100 811 3142 τε
840 3073 990 3160 λοιμικαὶ
1016 3075 1136 3143 πολλαὶ

121 3184 389 3270 κατέσκηψανί
357 3209 405 3262 ες
426 3179 489 3270 τὴν
507 3181 618 3267 πόλιν,
642 3179 703 3269 ὑφ’
730 3171 779 3249 ὧν
799 3179 934 3268 έφθάρη
953 3191 1054 3268 μοῖρα
1075 3185 1136 3250 τοῦ

194 3385 208 3431 1
231 3377 507 3460 ψηφ<η>φορίανΒ
534 3377 719 3446 ψηφοφορίαν
742 3377 768 3430 A
849 3381 865 3430 3
889 3370 994 3438 ἀδίκως
1018 3375 1040 3430 Ο
1066 3393 1134 3432 corr.

121 3447 263 3536 Kiessling
337 3456 370 3503 13
389 3447 440 3502 τοῦ
459 3449 585 3502 θείονο.
605 3447 708 3503 Reiske
787 3453 820 3502 1⁷
839 3441 989 3502 *στάδιον
1012 3446 1132 3520 addidi}

121 3517 211 3575 hom.
230 3521 254 3574 Β
326 3527 360 3575 26
379 3513 460 3574 νόσοι
479 3537 508 3573 τε
527 3518 577 3573 καί
595 3518 687 3588 λοιμοὶ
710 3519 760 3573 καί
782 3514 884 3590 βλάβαι
903 3519 1046 3572 πολλαῖΑ
