<?xml version="1.0" encoding="UTF-8"?>
<!DOCTYPE html PUBLIC "-//W3C//DTD XHTML 1.0 Transitional//EN"
    "http://www.w3.org/TR/xhtml1/DTD/xhtml1-transitional.dtd">
<html xmlns="http://www.w3.org/1999/xhtml" xml:lang="en" lang="en">
 <head>
  <title>
</title>
<meta http-equiv="Content-Type" content="text/html;charset=utf-8" />
  <meta name='ocr-system' content='tesseract 3.04.00' />
  <meta name='ocr-capabilities' content='ocr_page ocr_carea ocr_par ocr_line ocrx_word'/>
</head>
<body>
  <div class='ocr_page' id='page_1' title='image "./dionysihalicarn05diongoog_0313.png"; bbox 0 0 2682 3982; ppageno 0'>
   <div class='ocr_carea' id='block_1_1' title="bbox 210 215 799 288">
    <p class='ocr_par' dir='ltr' id='par_1_1' title="bbox 210 215 799 288">
     <span class='ocr_line' id='line_1_1' title="bbox 210 215 799 288; baseline -0.002 0"><span class='ocrx_word' id='word_1_1' title='bbox 210 223 277 288; x_wconf 85' lang='lat'><strong><em>304</em></strong></span> <span class='ocrx_word' id='word_1_2' title='bbox 518 215 521 222; x_wconf 50' lang='lat'><strong>⁴</strong></span> <span class='ocrx_word' id='word_1_3' title='bbox 633 223 799 276; x_wconf 91' lang='grc' dir='ltr'><strong><em>-Γ-</em></strong></span> 
     </span>
    </p>
   </div>
   <div class='ocr_carea' id='block_1_2' title="bbox 173 375 1321 3026">
    <p class='ocr_par' dir='ltr' id='par_1_2' title="bbox 210 375 1231 786">
     <span class='ocr_line' id='line_1_2' title="bbox 211 375 1226 470; baseline -0.008 -18"><span class='ocrx_word' id='word_1_4' title='bbox 211 381 402 470; x_wconf 71' lang='grc' dir='ltr'><strong><em>ἀμφοτέρας</em></strong></span> <span class='ocrx_word' id='word_1_5' title='bbox 418 379 476 462; x_wconf 81' lang='grc' dir='ltr'><strong><em>τὰς</em></strong></span> <span class='ocrx_word' id='word_1_6' title='bbox 496 379 668 468; x_wconf 79' lang='grc' dir='ltr'><strong><em>δυνάμεις·</em></strong></span> <span class='ocrx_word' id='word_1_7' title='bbox 697 385 806 449; x_wconf 79' lang='grc' dir='ltr'><strong><em>ἔπειτα</em></strong></span> <span class='ocrx_word' id='word_1_8' title='bbox 824 375 1026 467; x_wconf 76' lang='grc' dir='ltr'><strong><em>ἀναβοήσεις</em></strong></span> <span class='ocrx_word' id='word_1_9' title='bbox 1043 405 1078 448; x_wconf 89' lang='grc' dir='ltr'><strong><em>τε</em></strong></span> <span class='ocrx_word' id='word_1_10' title='bbox 1096 375 1226 465; x_wconf 90' lang='grc' dir='ltr'><strong><em>ἀθρόαι</em></strong></span> 
     </span>
     <span class='ocr_line' id='line_1_3' title="bbox 210 483 1228 577; baseline -0.007 -19"><span class='ocrx_word' id='word_1_11' title='bbox 210 485 288 577; x_wconf 90' lang='grc' dir='ltr'><strong><em>παρ’</em></strong></span> <span class='ocrx_word' id='word_1_12' title='bbox 319 485 520 576; x_wconf 76' lang='grc' dir='ltr'><strong><em>ἀμφοτέρων</em></strong></span> <span class='ocrx_word' id='word_1_13' title='bbox 552 484 663 556; x_wconf 76' lang='grc' dir='ltr'><strong><em>αὐτόν</em></strong></span> <span class='ocrx_word' id='word_1_14' title='bbox 696 489 850 574; x_wconf 83' lang='grc' dir='ltr'><strong><em>ἐγίνοντο</em></strong></span> <span class='ocrx_word' id='word_1_15' title='bbox 882 487 937 556; x_wconf 86' lang='grc' dir='ltr'><strong><em>καί</em></strong></span> <span class='ocrx_word' id='word_1_16' title='bbox 968 483 1228 576; x_wconf 72' lang='grc' dir='ltr'><strong><em>παρακελεύσεις</em></strong></span> 
     </span>
     <span class='ocr_line' id='line_1_4' title="bbox 211 591 1228 683; baseline -0.005 -19"><span class='ocrx_word' id='word_1_17' title='bbox 211 609 282 674; x_wconf 82' lang='grc' dir='ltr'><strong><em>τοῖς</em></strong></span> <span class='ocrx_word' id='word_1_18' title='bbox 313 594 516 683; x_wconf 79' lang='grc' dir='ltr'><strong><em>μαχομένοις</em></strong></span> <span class='ocrx_word' id='word_1_19' title='bbox 546 591 686 676; x_wconf 81' lang='grc' dir='ltr'><strong><em>ἐναλλὰξ</em></strong></span> <span class='ocrx_word' id='word_1_20' title='bbox 719 591 816 680; x_wconf 82' lang='grc' dir='ltr'><strong><em>εὐχαί</em></strong></span> <span class='ocrx_word' id='word_1_21' title='bbox 843 619 879 662; x_wconf 88' lang='grc' dir='ltr'><strong><em>τε</em></strong></span> <span class='ocrx_word' id='word_1_22' title='bbox 910 594 965 662; x_wconf 83' lang='grc' dir='ltr'><strong><em>καὶ</em></strong></span> <span class='ocrx_word' id='word_1_23' title='bbox 998 592 1141 680; x_wconf 88' lang='grc' dir='ltr'><strong><em>οίμωγαί</em></strong></span> <span class='ocrx_word' id='word_1_24' title='bbox 1169 592 1228 660; x_wconf 82' lang='grc' dir='ltr'><strong><em>καὶ</em></strong></span> 
     </span>
     <span class='ocr_line' id='line_1_5' title="bbox 212 698 1231 786; baseline -0.002 -18"><span class='ocrx_word' id='word_1_25' title='bbox 212 698 338 781; x_wconf 84' lang='grc' dir='ltr'><strong><em>παντὸς</em></strong></span> <span class='ocrx_word' id='word_1_26' title='bbox 360 698 467 768; x_wconf 80' lang='grc' dir='ltr'><strong><em>ἄλλον</em></strong></span> <span class='ocrx_word' id='word_1_27' title='bbox 488 699 623 780; x_wconf 92' lang='grc' dir='ltr'><strong><em>πάθους</em></strong></span> <span class='ocrx_word' id='word_1_28' title='bbox 650 700 840 785; x_wconf 80' lang='grc' dir='ltr'><strong><em>ἐναγωνίου</em></strong></span> <span class='ocrx_word' id='word_1_29' title='bbox 866 700 980 786; x_wconf 87' lang='grc' dir='ltr'><strong><em>φωναί</em></strong></span> <span class='ocrx_word' id='word_1_30' title='bbox 1002 712 1168 786; x_wconf 87' lang='grc' dir='ltr'><strong><em>συνεχεῖς,</em></strong></span> <span class='ocrx_word' id='word_1_31' title='bbox 1191 701 1231 766; x_wconf 87' lang='grc' dir='ltr'><strong><em>αί</em></strong></span> 
     </span>
    </p>

    <p class='ocr_par' dir='ltr' id='par_1_3' title="bbox 173 802 1229 895">
     <span class='ocr_line' id='line_1_6' title="bbox 173 802 1229 895; baseline -0.002 -21"><span class='ocrx_word' id='word_1_32' title='bbox 173 843 187 884; x_wconf 72' lang='lat'><strong>5</strong></span> <span class='ocrx_word' id='word_1_33' title='bbox 213 805 276 892; x_wconf 73' lang='grc' dir='ltr'><strong><em>μὲν</em></strong></span> <span class='ocrx_word' id='word_1_34' title='bbox 298 805 383 892; x_wconf 89' lang='grc' dir='ltr'><strong><em>πρὸς</em></strong></span> <span class='ocrx_word' id='word_1_35' title='bbox 404 803 445 874; x_wconf 84' lang='grc' dir='ltr'><strong><em>τίι</em></strong></span> <span class='ocrx_word' id='word_1_36' title='bbox 461 805 625 895; x_wconf 73' lang='grc' dir='ltr'><strong><em>’δρώμενά</em></strong></span> <span class='ocrx_word' id='word_1_37' title='bbox 651 832 687 875; x_wconf 88' lang='grc' dir='ltr'><strong><em>τε</em></strong></span> <span class='ocrx_word' id='word_1_38' title='bbox 709 807 765 874; x_wconf 82' lang='grc' dir='ltr'><strong><em>καὶ</em></strong></span> <span class='ocrx_word' id='word_1_39' title='bbox 792 803 946 893; x_wconf 79' lang='grc' dir='ltr'><strong><em>ὁρώμενα</em></strong></span> <span class='ocrx_word' id='word_1_40' title='bbox 964 802 1024 893; x_wconf 81' lang='grc' dir='ltr'><strong><em>ὑφ’</em></strong></span> <span class='ocrx_word' id='word_1_41' title='bbox 1051 805 1229 893; x_wconf 81' lang='grc' dir='ltr'><strong><em>ἑκατέρων,</em></strong></span> 
     </span>
    </p>

    <p class='ocr_par' dir='ltr' id='par_1_4' title="bbox 173 902 1231 1320">
     <span class='ocr_line' id='line_1_7' title="bbox 173 902 1228 1000; baseline -0.003 -20"><span class='ocrx_word' id='word_1_42' title='bbox 173 915 251 990; x_wconf 79' lang='grc' dir='ltr'><strong><em>2αί</em></strong></span> <span class='ocrx_word' id='word_1_43' title='bbox 272 910 310 980; x_wconf 73' lang='grc' dir='ltr'><strong><em>δέ</em></strong></span> <span class='ocrx_word' id='word_1_44' title='bbox 332 909 416 998; x_wconf 88' lang='grc' dir='ltr'><strong><em>πρὸς</em></strong></span> <span class='ocrx_word' id='word_1_45' title='bbox 437 910 478 980; x_wconf 86' lang='grc' dir='ltr'><strong><em>τά</em></strong></span> <span class='ocrx_word' id='word_1_46' title='bbox 497 911 661 999; x_wconf 83' lang='grc' dir='ltr'><strong><em>μέλλοντά</em></strong></span> <span class='ocrx_word' id='word_1_47' title='bbox 683 915 792 980; x_wconf 84' lang='grc' dir='ltr'><strong><em>τεκαὶ</em></strong></span> <span class='ocrx_word' id='word_1_48' title='bbox 814 909 1081 1000; x_wconf 75' lang='grc' dir='ltr'><strong><em>ὑποπτευόμενα·</em></strong></span> <span class='ocrx_word' id='word_1_49' title='bbox 1104 911 1160 978; x_wconf 82' lang='grc' dir='ltr'><strong><em>καὶ</em></strong></span> <span class='ocrx_word' id='word_1_50' title='bbox 1182 902 1228 997; x_wconf 79' lang='grc' dir='ltr'><strong><em>ἦν</em></strong></span> 
     </span>
     <span class='ocr_line' id='line_1_8' title="bbox 213 1015 1229 1107; baseline 0 -21"><span class='ocrx_word' id='word_1_51' title='bbox 213 1023 316 1088; x_wconf 80' lang='grc' dir='ltr'><strong><em>πλείω</em></strong></span> <span class='ocrx_word' id='word_1_52' title='bbox 335 1016 376 1086; x_wconf 81' lang='grc' dir='ltr'><strong><em>τὰ</em></strong></span> <span class='ocrx_word' id='word_1_53' title='bbox 394 1017 588 1107; x_wconf 77' lang='grc' dir='ltr'><strong><em>εἰκαζόμενα</em></strong></span> <span class='ocrx_word' id='word_1_54' title='bbox 606 1021 675 1088; x_wconf 74' lang='grc' dir='ltr'><strong><em>τῶν</em></strong></span> <span class='ocrx_word' id='word_1_55' title='bbox 692 1020 893 1107; x_wconf 86' lang='grc' dir='ltr'><strong><em>γινομένων.</em></strong></span> <span class='ocrx_word' id='word_1_56' title='bbox 919 1017 942 1106; x_wconf 80' lang='grc' dir='ltr'>ἥ</span> <span class='ocrx_word' id='word_1_57' title='bbox 959 1045 994 1088; x_wconf 93' lang='grc' dir='ltr'><strong><em>τε</em></strong></span> <span class='ocrx_word' id='word_1_58' title='bbox 1012 1016 1075 1106; x_wconf 83' lang='grc' dir='ltr'><strong><em>γὰρ</em></strong></span> <span class='ocrx_word' id='word_1_59' title='bbox 1094 1015 1173 1099; x_wconf 78' lang='grc' dir='ltr'><strong><em>όφις</em></strong></span> <span class='ocrx_word' id='word_1_60' title='bbox 1191 1020 1229 1086; x_wconf 85' lang='grc' dir='ltr'><strong><em>ἐκ</em></strong></span> 
     </span>
     <span class='ocr_line' id='line_1_9' title="bbox 214 1123 1230 1214; baseline -0.002 -20"><span class='ocrx_word' id='word_1_61' title='bbox 214 1129 342 1194; x_wconf 81' lang='grc' dir='ltr'><strong><em>πολλοῦ</em></strong></span> <span class='ocrx_word' id='word_1_62' title='bbox 359 1124 581 1213; x_wconf 74' lang='grc' dir='ltr'><strong><em>διαστήματος</em></strong></span> <span class='ocrx_word' id='word_1_63' title='bbox 598 1126 760 1214; x_wconf 77' lang='grc' dir='ltr'><strong><em>γινομένη</em></strong></span> <span class='ocrx_word' id='word_1_64' title='bbox 774 1124 862 1195; x_wconf 80' lang='grc' dir='ltr'><strong><em>πολὺ</em></strong></span> <span class='ocrx_word' id='word_1_65' title='bbox 879 1124 917 1195; x_wconf 85' lang='grc' dir='ltr'><strong><em>τό</em></strong></span> <span class='ocrx_word' id='word_1_66' title='bbox 936 1125 1063 1214; x_wconf 75' lang='grc' dir='ltr'><strong><em>ἀσαφὲς</em></strong></span> <span class='ocrx_word' id='word_1_67' title='bbox 1081 1123 1158 1213; x_wconf 79' lang='grc' dir='ltr'><strong><em>εἶχε,</em></strong></span> <span class='ocrx_word' id='word_1_68' title='bbox 1171 1125 1230 1192; x_wconf 83' lang='grc' dir='ltr'><strong><em>καὶ</em></strong></span> 
     </span>
     <span class='ocr_line' id='line_1_10' title="bbox 214 1229 1231 1320; baseline 0.001 -21"><span class='ocrx_word' id='word_1_69' title='bbox 214 1230 252 1299; x_wconf 88' lang='grc' dir='ltr'><strong><em>τὸ</em></strong></span> <span class='ocrx_word' id='word_1_70' title='bbox 276 1229 360 1318; x_wconf 86' lang='grc' dir='ltr'><strong><em>πρὸς</em></strong></span> <span class='ocrx_word' id='word_1_71' title='bbox 386 1229 465 1312; x_wconf 81' lang='grc' dir='ltr'><strong><em>τοὺς</em></strong></span> <span class='ocrx_word' id='word_1_72' title='bbox 492 1235 636 1313; x_wconf 81' lang='grc' dir='ltr'><strong><em>οἰκείους</em></strong></span> <span class='ocrx_word' id='word_1_73' title='bbox 664 1230 851 1319; x_wconf 83' lang='grc' dir='ltr'><strong><em>ἀγωνιστὰς</em></strong></span> <span class='ocrx_word' id='word_1_74' title='bbox 878 1231 1028 1313; x_wconf 76' lang='grc' dir='ltr'><strong><em>ἑκάστοις</em></strong></span> <span class='ocrx_word' id='word_1_75' title='bbox 1053 1231 1231 1320; x_wconf 74' lang='grc' dir='ltr'><strong><em>συμπαθὲς</em></strong></span> 
     </span>
    </p>

    <p class='ocr_par' dir='ltr' id='par_1_5' title="bbox 176 1337 1285 1746">
     <span class='ocr_line' id='line_1_11' title="bbox 176 1337 1230 1428; baseline 0 -22"><span class='ocrx_word' id='word_1_76' title='bbox 176 1373 202 1413; x_wconf 84' lang='lat'><strong><em>10</em></strong></span> <span class='ocrx_word' id='word_1_77' title='bbox 216 1337 269 1406; x_wconf 81' lang='grc' dir='ltr'><strong><em>ἐπὶ</em></strong></span> <span class='ocrx_word' id='word_1_78' title='bbox 291 1363 329 1406; x_wconf 88' lang='grc' dir='ltr'><strong><em>το</em></strong></span> <span class='ocrx_word' id='word_1_79' title='bbox 354 1340 607 1426; x_wconf 76' lang='grc' dir='ltr'><strong><em>βεβουλημένον</em></strong></span> <span class='ocrx_word' id='word_1_80' title='bbox 630 1338 796 1427; x_wconf 87' lang='grc' dir='ltr'><strong><em>έλάμβανε</em></strong></span> <span class='ocrx_word' id='word_1_81' title='bbox 817 1337 858 1408; x_wconf 83' lang='grc' dir='ltr'><strong><em>τὰ</em></strong></span> <span class='ocrx_word' id='word_1_82' title='bbox 880 1337 1112 1428; x_wconf 89' lang='grc' dir='ltr'><strong><em>πρασσόμενα,</em></strong></span> <span class='ocrx_word' id='word_1_83' title='bbox 1135 1341 1230 1406; x_wconf 79' lang='grc' dir='ltr'><strong><em>αἵτε</em></strong></span> 
     </span>
     <span class='ocr_line' id='line_1_12' title="bbox 217 1442 1285 1534; baseline -0.003 -23"><span class='ocrx_word' id='word_1_84' title='bbox 217 1457 367 1531; x_wconf 76' lang='grc' dir='ltr'><strong><em>συνεχεῖς</em></strong></span> <span class='ocrx_word' id='word_1_85' title='bbox 393 1449 462 1513; x_wconf 81' lang='grc' dir='ltr'><strong><em>τεόν</em></strong></span> <span class='ocrx_word' id='word_1_86' title='bbox 490 1445 689 1533; x_wconf 85' lang='grc' dir='ltr'><strong><em>μαχομένων</em></strong></span> <span class='ocrx_word' id='word_1_87' title='bbox 708 1445 903 1534; x_wconf 76' lang='grc' dir='ltr'><strong><em>ἐπεμβάσεις</em></strong></span> <span class='ocrx_word' id='word_1_88' title='bbox 927 1447 983 1514; x_wconf 83' lang='grc' dir='ltr'><strong><em>καὶ</em></strong></span> <span class='ocrx_word' id='word_1_89' title='bbox 1005 1442 1285 1533; x_wconf 73' lang='grc' dir='ltr'><strong><em>ὑπαναχωρή-εὸῖ</em></strong></span> 
     </span>
     <span class='ocr_line' id='line_1_13' title="bbox 216 1543 1231 1640; baseline 0.002 -22"><span class='ocrx_word' id='word_1_90' title='bbox 216 1569 286 1632; x_wconf 90' lang='grc' dir='ltr'><strong><em>σεις</em></strong></span> <span class='ocrx_word' id='word_1_91' title='bbox 303 1552 359 1620; x_wconf 83' lang='grc' dir='ltr'><strong><em>καὶ</em></strong></span> <span class='ocrx_word' id='word_1_92' title='bbox 378 1555 425 1631; x_wconf 89' lang='grc' dir='ltr'><strong><em>εἰς</em></strong></span> <span class='ocrx_word' id='word_1_93' title='bbox 448 1549 486 1620; x_wconf 88' lang='grc' dir='ltr'><strong><em>τὸ</em></strong></span> <span class='ocrx_word' id='word_1_94' title='bbox 505 1548 692 1621; x_wconf 90' lang='grc' dir='ltr'><strong><em>ἀντίπαλον</em></strong></span> <span class='ocrx_word' id='word_1_95' title='bbox 715 1543 817 1631; x_wconf 85' lang='grc' dir='ltr'><strong><em>αὖθις</em></strong></span> <span class='ocrx_word' id='word_1_96' title='bbox 839 1548 1129 1640; x_wconf 80' lang='grc' dir='ltr'><strong><em>ἀντιμεταστάσεις</em></strong></span> <span class='ocrx_word' id='word_1_97' title='bbox 1149 1559 1231 1620; x_wconf 91' lang='grc' dir='ltr'><strong><em>πολ-</em></strong></span> 
     </span>
     <span class='ocr_line' id='line_1_14' title="bbox 216 1656 1233 1746; baseline 0.002 -21"><span class='ocrx_word' id='word_1_98' title='bbox 216 1658 272 1725; x_wconf 86' lang='grc' dir='ltr'><strong><em>λαί</em></strong></span> <span class='ocrx_word' id='word_1_99' title='bbox 295 1659 350 1726; x_wconf 85' lang='grc' dir='ltr'><strong><em>καὶ</em></strong></span> <span class='ocrx_word' id='word_1_100' title='bbox 374 1656 593 1746; x_wconf 76' lang='grc' dir='ltr'><strong><em>ἀγχίστροφοι</em></strong></span> <span class='ocrx_word' id='word_1_101' title='bbox 611 1658 788 1746; x_wconf 80' lang='grc' dir='ltr'><strong><em>γινόμεναι</em></strong></span> <span class='ocrx_word' id='word_1_102' title='bbox 810 1656 848 1728; x_wconf 85' lang='grc' dir='ltr'><strong><em>τὸ</em></strong></span> <span class='ocrx_word' id='word_1_103' title='bbox 867 1657 1002 1746; x_wconf 74' lang='grc' dir='ltr'><strong><em>ἀκριβές</em></strong></span> <span class='ocrx_word' id='word_1_104' title='bbox 1018 1662 1077 1746; x_wconf 76' lang='grc' dir='ltr'><strong><em>τῆς</em></strong></span> <span class='ocrx_word' id='word_1_105' title='bbox 1094 1656 1233 1746; x_wconf 87' lang='grc' dir='ltr'><strong><em>γνιόμης</em></strong></span> 
     </span>
    </p>

    <p class='ocr_par' dir='ltr' id='par_1_6' title="bbox 177 1762 1233 1854">
     <span class='ocr_line' id='line_1_15' title="bbox 177 1762 1233 1854; baseline -0.004 -18"><span class='ocrx_word' id='word_1_106' title='bbox 177 1770 199 1836; x_wconf 83' lang='grc'><strong>3</strong></span> <span class='ocrx_word' id='word_1_107' title='bbox 217 1762 427 1854; x_wconf 82' lang='grc' dir='ltr'><strong><em>ἀφηροῦντο·</em></strong></span> <span class='ocrx_word' id='word_1_108' title='bbox 449 1765 506 1834; x_wconf 86' lang='grc' dir='ltr'><strong><em>καί</em></strong></span> <span class='ocrx_word' id='word_1_109' title='bbox 523 1769 627 1834; x_wconf 82' lang='grc' dir='ltr'><strong><em>ταῦτα</em></strong></span> <span class='ocrx_word' id='word_1_110' title='bbox 645 1765 700 1834; x_wconf 81' lang='grc' dir='ltr'><strong><em>ἐπὶ</em></strong></span> <span class='ocrx_word' id='word_1_111' title='bbox 717 1762 826 1834; x_wconf 80' lang='grc' dir='ltr'><strong><em>πολὺν</em></strong></span> <span class='ocrx_word' id='word_1_112' title='bbox 845 1767 971 1852; x_wconf 83' lang='grc' dir='ltr'><strong><em>ἐγίνετο</em></strong></span> <span class='ocrx_word' id='word_1_113' title='bbox 990 1764 1125 1854; x_wconf 89' lang='grc' dir='ltr'><strong><em>χρόνον.</em></strong></span> <span class='ocrx_word' id='word_1_114' title='bbox 1165 1762 1233 1852; x_wconf 75' lang='grc' dir='ltr'><strong><em>βοό-</em></strong></span> 
     </span>
    </p>

    <p class='ocr_par' dir='ltr' id='par_1_7' title="bbox 178 1869 1236 2386">
     <span class='ocr_line' id='line_1_16' title="bbox 178 1869 1234 1961; baseline -0.004 -19"><span class='ocrx_word' id='word_1_115' title='bbox 178 1903 204 1944; x_wconf 80' lang='grc' dir='ltr'><strong><em>ιε</em></strong></span> <span class='ocrx_word' id='word_1_116' title='bbox 218 1898 285 1959; x_wconf 92' lang='grc' dir='ltr'><strong><em>μην</em></strong></span> <span class='ocrx_word' id='word_1_117' title='bbox 313 1897 348 1940; x_wconf 91' lang='grc' dir='ltr'><strong><em>τε</em></strong></span> <span class='ocrx_word' id='word_1_118' title='bbox 374 1870 438 1960; x_wconf 81' lang='grc' dir='ltr'><strong><em>γὰρ</em></strong></span> <span class='ocrx_word' id='word_1_119' title='bbox 460 1871 618 1961; x_wconf 82' lang='grc' dir='ltr'><strong><em>σοόματος</em></strong></span> <span class='ocrx_word' id='word_1_120' title='bbox 641 1877 761 1960; x_wconf 81' lang='grc' dir='ltr'><strong><em>ἔτυχον</em></strong></span> <span class='ocrx_word' id='word_1_121' title='bbox 784 1869 905 1959; x_wconf 86' lang='grc' dir='ltr'><strong><em>ὁμοίαν</em></strong></span> <span class='ocrx_word' id='word_1_122' title='bbox 928 1877 1059 1960; x_wconf 81' lang='grc' dir='ltr'><strong><em>ἔχοντες</em></strong></span> <span class='ocrx_word' id='word_1_123' title='bbox 1081 1869 1234 1959; x_wconf 81' lang='grc' dir='ltr'><strong><em>ἑκάτεροι</em></strong></span> 
     </span>
     <span class='ocr_line' id='line_1_17' title="bbox 216 1977 1234 2069; baseline 0 -23"><span class='ocrx_word' id='word_1_124' title='bbox 216 1979 273 2047; x_wconf 86' lang='grc' dir='ltr'><strong><em>καί</em></strong></span> <span class='ocrx_word' id='word_1_125' title='bbox 291 1977 329 2048; x_wconf 88' lang='grc' dir='ltr'><strong><em>τὸ</em></strong></span> <span class='ocrx_word' id='word_1_126' title='bbox 349 1993 510 2066; x_wconf 81' lang='grc' dir='ltr'><strong><em>γενναῖον</em></strong></span> <span class='ocrx_word' id='word_1_127' title='bbox 528 1983 586 2067; x_wconf 80' lang='grc' dir='ltr'><strong><em>της</em></strong></span> <span class='ocrx_word' id='word_1_128' title='bbox 604 1983 713 2066; x_wconf 74' lang='grc' dir='ltr'><strong><em>ψυχῆς</em></strong></span> <span class='ocrx_word' id='word_1_129' title='bbox 732 1978 915 2069; x_wconf 89' lang='grc' dir='ltr'><strong><em>ἰσόρροπον</em></strong></span> <span class='ocrx_word' id='word_1_130' title='bbox 934 1977 1050 2059; x_wconf 88' lang='grc' dir='ltr'><strong><em>όπλοις</em></strong></span> <span class='ocrx_word' id='word_1_131' title='bbox 1066 2004 1102 2048; x_wconf 89' lang='grc' dir='ltr'><strong><em>τε</em></strong></span> <span class='ocrx_word' id='word_1_132' title='bbox 1119 1983 1234 2048; x_wconf 90' lang='grc' dir='ltr'><strong><em>καλλί-</em></strong></span> 
     </span>
     <span class='ocr_line' id='line_1_18' title="bbox 218 2081 1235 2173; baseline -0.001 -20"><span class='ocrx_word' id='word_1_133' title='bbox 218 2102 309 2165; x_wconf 88' lang='grc' dir='ltr'><strong><em>στοις</em></strong></span> <span class='ocrx_word' id='word_1_134' title='bbox 332 2086 570 2173; x_wconf 78' lang='grc' dir='ltr'><strong><em>ἐσκεπασμένοι</em></strong></span> <span class='ocrx_word' id='word_1_135' title='bbox 592 2083 633 2154; x_wconf 86' lang='grc' dir='ltr'><strong><em>τά</em></strong></span> <span class='ocrx_word' id='word_1_136' title='bbox 656 2084 792 2173; x_wconf 83' lang='grc' dir='ltr'><strong><em>στόματα</em></strong></span> <span class='ocrx_word' id='word_1_137' title='bbox 815 2083 878 2154; x_wconf 86' lang='grc' dir='ltr'><strong><em>όλα</em></strong></span> <span class='ocrx_word' id='word_1_138' title='bbox 894 2087 951 2154; x_wconf 87' lang='grc' dir='ltr'><strong><em>καί</em></strong></span> <span class='ocrx_word' id='word_1_139' title='bbox 973 2083 1104 2173; x_wconf 86' lang='grc' dir='ltr'><strong><em>γυμνὸν</em></strong></span> <span class='ocrx_word' id='word_1_140' title='bbox 1128 2081 1235 2152; x_wconf 72' lang='grc' dir='ltr'><strong><em>οὐδέν</em></strong></span> 
     </span>
     <span class='ocr_line' id='line_1_19' title="bbox 218 2187 1235 2281; baseline 0.001 -22"><span class='ocrx_word' id='word_1_141' title='bbox 218 2187 438 2272; x_wconf 88' lang='grc' dir='ltr'><strong><em>ἀπολιπόντες</em></strong></span> <span class='ocrx_word' id='word_1_142' title='bbox 468 2194 569 2280; x_wconf 85' lang='grc' dir='ltr'><strong><em>μέρος</em></strong></span> <span class='ocrx_word' id='word_1_143' title='bbox 596 2189 670 2261; x_wconf 85' lang='grc' dir='ltr'><strong><em>ὅτι</em></strong></span> <span class='ocrx_word' id='word_1_144' title='bbox 697 2194 753 2261; x_wconf 85' lang='grc' dir='ltr'><strong><em>καὶ</em></strong></span> <span class='ocrx_word' id='word_1_145' title='bbox 784 2192 919 2281; x_wconf 69' lang='grc' dir='ltr'><strong><em>τρωθέν</em></strong></span> <span class='ocrx_word' id='word_1_146' title='bbox 951 2191 1063 2274; x_wconf 83' lang='grc' dir='ltr'><strong><em>ὀξεῖαν</em></strong></span> <span class='ocrx_word' id='word_1_147' title='bbox 1095 2195 1235 2278; x_wconf 80' lang='grc' dir='ltr'><strong><em>ἔμελλεν</em></strong></span> 
     </span>
     <span class='ocr_line' id='line_1_20' title="bbox 220 2296 1236 2386; baseline -0.002 -20"><span class='ocrx_word' id='word_1_148' title='bbox 220 2306 327 2366; x_wconf 87' lang='grc' dir='ltr'><strong><em>οίσειν</em></strong></span> <span class='ocrx_word' id='word_1_149' title='bbox 358 2296 421 2385; x_wconf 82' lang='grc' dir='ltr'><strong><em>τὴν</em></strong></span> <span class='ocrx_word' id='word_1_150' title='bbox 452 2297 626 2386; x_wconf 76' lang='grc' dir='ltr'><strong><em>τελευτήν,</em></strong></span> <span class='ocrx_word' id='word_1_151' title='bbox 658 2296 742 2367; x_wconf 76' lang='grc' dir='ltr'><strong><em>ὥστε</em></strong></span> <span class='ocrx_word' id='word_1_152' title='bbox 772 2299 892 2368; x_wconf 87' lang='grc' dir='ltr'><strong><em>πολλοὶ</em></strong></span> <span class='ocrx_word' id='word_1_153' title='bbox 912 2296 1084 2386; x_wconf 88' lang='grc' dir='ltr'><strong><em>Ῥωμαίων</em></strong></span> <span class='ocrx_word' id='word_1_154' title='bbox 1115 2298 1236 2365; x_wconf 89' lang='grc' dir='ltr'><strong><em>τε·καί</em></strong></span> 
     </span>
    </p>

    <p class='ocr_par' dir='ltr' id='par_1_8' title="bbox 180 2400 1237 2704">
     <span class='ocr_line' id='line_1_21' title="bbox 180 2400 1237 2491; baseline -0.002 -19"><span class='ocrx_word' id='word_1_155' title='bbox 180 2400 389 2490; x_wconf 70' lang='grc' dir='ltr'><strong><em>ωἈλβανοὸν</em></strong></span> <span class='ocrx_word' id='word_1_156' title='bbox 417 2407 453 2473; x_wconf 80' lang='grc' dir='ltr'><strong><em>ἐκ</em></strong></span> <span class='ocrx_word' id='word_1_157' title='bbox 479 2408 541 2473; x_wconf 81' lang='grc' dir='ltr'><strong><em>τοῦ</em></strong></span> <span class='ocrx_word' id='word_1_158' title='bbox 568 2411 773 2491; x_wconf 80' lang='grc' dir='ltr'><strong><em>φιλονεικεῖν</em></strong></span> <span class='ocrx_word' id='word_1_159' title='bbox 800 2429 835 2474; x_wconf 88' lang='grc' dir='ltr'><strong><em>τε</em></strong></span> <span class='ocrx_word' id='word_1_160' title='bbox 862 2405 918 2472; x_wconf 82' lang='grc' dir='ltr'><strong><em>καὶ</em></strong></span> <span class='ocrx_word' id='word_1_161' title='bbox 948 2412 1140 2491; x_wconf 76' lang='grc' dir='ltr'><strong><em>συμπαθεῖν</em></strong></span> <span class='ocrx_word' id='word_1_162' title='bbox 1163 2409 1237 2482; x_wconf 84' lang='grc' dir='ltr'><strong><em>τοῖς</em></strong></span> 
     </span>
     <span class='ocr_line' id='line_1_22' title="bbox 220 2507 1236 2598; baseline 0 -21"><span class='ocrx_word' id='word_1_163' title='bbox 220 2512 394 2598; x_wconf 88' lang='grc' dir='ltr'><strong><em>σφετέροις</em></strong></span> <span class='ocrx_word' id='word_1_164' title='bbox 422 2515 548 2579; x_wconf 84' lang='grc' dir='ltr'><strong><em>ἔλαθον</em></strong></span> <span class='ocrx_word' id='word_1_165' title='bbox 576 2507 699 2590; x_wconf 81' lang='grc' dir='ltr'><strong><em>αὑτοὺς</em></strong></span> <span class='ocrx_word' id='word_1_166' title='bbox 724 2509 762 2579; x_wconf 85' lang='grc' dir='ltr'><strong><em>τὸ</em></strong></span> <span class='ocrx_word' id='word_1_167' title='bbox 785 2514 854 2580; x_wconf 79' lang='grc' dir='ltr'><strong><em>τόν</em></strong></span> <span class='ocrx_word' id='word_1_168' title='bbox 880 2510 1153 2580; x_wconf 74' lang='grc' dir='ltr'><strong><em>κινδυνευόντων</em></strong></span> <span class='ocrx_word' id='word_1_169' title='bbox 1177 2536 1236 2596; x_wconf 83' lang='grc' dir='ltr'><strong><em>με·</em></strong></span> 
     </span>
     <span class='ocr_line' id='line_1_23' title="bbox 219 2612 1237 2704; baseline 0.002 -21"><span class='ocrx_word' id='word_1_170' title='bbox 219 2615 422 2701; x_wconf 90' lang='grc' dir='ltr'><strong><em>ταλαβόντες</em></strong></span> <span class='ocrx_word' id='word_1_171' title='bbox 453 2615 565 2695; x_wconf 90' lang='grc' dir='ltr'><strong><em>πάθος</em></strong></span> <span class='ocrx_word' id='word_1_172' title='bbox 600 2612 788 2702; x_wconf 89' lang='grc' dir='ltr'><strong><em>ἀγωνισταί</em></strong></span> <span class='ocrx_word' id='word_1_173' title='bbox 819 2641 854 2684; x_wconf 87' lang='grc' dir='ltr'><strong><em>τε</em></strong></span> <span class='ocrx_word' id='word_1_174' title='bbox 890 2620 1018 2704; x_wconf 85' lang='grc' dir='ltr'><strong><em>μᾶλλον</em></strong></span> <span class='ocrx_word' id='word_1_175' title='bbox 1050 2614 1237 2701; x_wconf 81' lang='grc' dir='ltr'><strong><em>ἐβούλοντο</em></strong></span> 
     </span>
    </p>

    <p class='ocr_par' dir='ltr' id='par_1_9' title="bbox 180 2714 1321 2924">
     <span class='ocr_line' id='line_1_24' title="bbox 180 2714 1321 2810; baseline 0.003 -22"><span class='ocrx_word' id='word_1_176' title='bbox 180 2717 242 2808; x_wconf 79' lang='grc' dir='ltr'><strong><em>4ἢ</em></strong></span> <span class='ocrx_word' id='word_1_177' title='bbox 278 2723 399 2790; x_wconf 79' lang='grc' dir='ltr'><strong><em>θεαταὶ</em></strong></span> <span class='ocrx_word' id='word_1_178' title='bbox 435 2723 518 2799; x_wconf 62' lang='grc' dir='ltr'><strong><em>τάνῖ</em></strong></span> <span class='ocrx_word' id='word_1_179' title='bbox 548 2724 732 2810; x_wconf 74' lang='grc' dir='ltr'><strong><em>δρωμένων</em></strong></span> <span class='ocrx_word' id='word_1_180' title='bbox 767 2725 952 2808; x_wconf 82' lang='grc' dir='ltr'><strong><em>γεγονέναι.</em></strong></span> <span class='ocrx_word' id='word_1_181' title='bbox 1007 2719 1070 2804; x_wconf 72' lang='grc' dir='ltr'><strong><em>ὀψὲ</em></strong></span> <span class='ocrx_word' id='word_1_182' title='bbox 1107 2719 1137 2790; x_wconf 77' lang='grc' dir='ltr'><strong><em>δ’</em></strong></span> <span class='ocrx_word' id='word_1_183' title='bbox 1169 2714 1237 2791; x_wconf 82' lang='grc' dir='ltr'><strong><em>οὖν</em></strong></span> <span class='ocrx_word' id='word_1_184' title='bbox 1320 2807 1321 2810; x_wconf 9' lang='lat'>¹</span> 
     </span>
     <span class='ocr_line' id='line_1_25' title="bbox 221 2809 1321 2924; baseline 0.002 -28"><span class='ocrx_word' id='word_1_185' title='bbox 221 2850 300 2896; x_wconf 87' lang='grc' dir='ltr'><strong><em>ποτε</em></strong></span> <span class='ocrx_word' id='word_1_186' title='bbox 329 2825 347 2896; x_wconf 85' lang='grc' dir='ltr'>ὁ</span> <span class='ocrx_word' id='word_1_187' title='bbox 378 2827 603 2915; x_wconf 77' lang='grc' dir='ltr'><strong><em>πρεσβύτατος</em></strong></span> <span class='ocrx_word' id='word_1_188' title='bbox 634 2832 702 2896; x_wconf 82' lang='grc' dir='ltr'><strong><em>τεόν</em></strong></span> <span class='ocrx_word' id='word_1_189' title='bbox 731 2826 903 2914; x_wconf 76' lang='grc' dir='ltr'><strong><em>Ἀλβανῶν</em></strong></span> <span class='ocrx_word' id='word_1_190' title='bbox 934 2835 980 2924; x_wconf 75' lang='grc' dir='ltr'><strong><em>τῷ</em></strong></span> <span class='ocrx_word' id='word_1_191' title='bbox 1012 2809 1238 2918; x_wconf 55' lang='grc' dir='ltr'><strong><em>πρὸῖαόῗῶ</em></strong></span> <span class='ocrx_word' id='word_1_192' title='bbox 1320 2879 1321 2884; x_wconf 38' lang='lat'>1</span> 
     </span>
    </p>

    <p class='ocr_par' dir='ltr' id='par_1_10' title="bbox 181 2933 1239 3026">
     <span class='ocr_line' id='line_1_26' title="bbox 181 2933 1239 3026; baseline 0.001 -24"><span class='ocrx_word' id='word_1_193' title='bbox 181 2951 208 2993; x_wconf 66' lang='grc' dir='ltr'><strong><em>νο</em></strong></span> <span class='ocrx_word' id='word_1_194' title='bbox 221 2933 487 3026; x_wconf 74' lang='grc' dir='ltr'><strong><em>ἀντιτεταγμένῳ</em></strong></span> <span class='ocrx_word' id='word_1_195' title='bbox 518 2935 736 3021; x_wconf 85' lang='grc' dir='ltr'><strong><em>συμπλέκεται</em></strong></span> <span class='ocrx_word' id='word_1_196' title='bbox 764 2941 874 3004; x_wconf 88' lang='grc' dir='ltr'><strong><em>παίων</em></strong></span> <span class='ocrx_word' id='word_1_197' title='bbox 901 2961 937 3005; x_wconf 87' lang='grc' dir='ltr'><strong><em>τε</em></strong></span> <span class='ocrx_word' id='word_1_198' title='bbox 968 2937 1023 3004; x_wconf 83' lang='grc' dir='ltr'><strong><em>καὶ</em></strong></span> <span class='ocrx_word' id='word_1_199' title='bbox 1050 2933 1239 3022; x_wconf 89' lang='grc' dir='ltr'><strong><em>παιόμενος</em></strong></span> 
     </span>
    </p>
   </div>
   <div class='ocr_carea' id='block_1_3' title="bbox 223 3124 1242 3558">
    <p class='ocr_par' dir='ltr' id='par_1_11' title="bbox 223 3124 1242 3558">
     <span class='ocr_line' id='line_1_27' title="bbox 293 3124 1239 3218; baseline 0.002 -34"><span class='ocrx_word' id='word_1_200' title='bbox 293 3135 309 3184; x_wconf 81' lang='lat'>2</span> <span class='ocrx_word' id='word_1_201' title='bbox 330 3124 423 3184; x_wconf 72' lang='grc' dir='ltr'><strong><em>αὐτῶν</em></strong></span> <span class='ocrx_word' id='word_1_202' title='bbox 442 3129 496 3185; x_wconf 79' lang='lat' dir='ltr'><strong>del.</strong></span> <span class='ocrx_word' id='word_1_203' title='bbox 515 3127 643 3184; x_wconf 73' lang='lat' dir='ltr'>Hertlein</span> <span class='ocrx_word' id='word_1_204' title='bbox 656 3128 772 3186; x_wconf 77' lang='lat' dir='ltr'><strong>Hermes</strong></span> <span class='ocrx_word' id='word_1_205' title='bbox 785 3129 811 3184; x_wconf 89' lang='lat' dir='ltr'>X</span> <span class='ocrx_word' id='word_1_206' title='bbox 824 3149 852 3201; x_wconf 85' lang='lat' dir='ltr'><strong><em>p.</em></strong></span> <span class='ocrx_word' id='word_1_207' title='bbox 867 3138 918 3186; x_wconf 85' lang='lat'><strong><em>411</em></strong></span> <span class='ocrx_word' id='word_1_208' title='bbox 992 3137 1007 3187; x_wconf 85' lang='grc' dir='ltr'><strong><em>’λ</em></strong></span> <span class='ocrx_word' id='word_1_209' title='bbox 1027 3127 1197 3218; x_wconf 72' lang='grc' dir='ltr'><strong><em>εἰκαζόμενα</em></strong></span> <span class='ocrx_word' id='word_1_210' title='bbox 1214 3133 1239 3187; x_wconf 94' lang='grc' dir='ltr'>Β</span> 
     </span>
     <span class='ocr_line' id='line_1_28' title="bbox 223 3194 1239 3273; baseline 0.003 -19"><span class='ocrx_word' id='word_1_211' title='bbox 223 3196 392 3271; x_wconf 76' lang='grc' dir='ltr'><strong><em>εἰκαζόμενά</em></strong></span> <span class='ocrx_word' id='word_1_212' title='bbox 420 3219 450 3255; x_wconf 88' lang='grc' dir='ltr'><strong><em>τε</em></strong></span> <span class='ocrx_word' id='word_1_213' title='bbox 479 3199 529 3255; x_wconf 87' lang='grc' dir='ltr'><strong><em>καί</em></strong></span> <span class='ocrx_word' id='word_1_214' title='bbox 556 3194 686 3269; x_wconf 74' lang='grc' dir='ltr'><strong><em>δρώμενα</em></strong></span> <span class='ocrx_word' id='word_1_215' title='bbox 709 3201 734 3255; x_wconf 87' lang='lat' dir='ltr'><strong>R</strong></span> <span class='ocrx_word' id='word_1_216' title='bbox 766 3197 936 3273; x_wconf 81' lang='grc' dir='ltr'><strong><em>εἰκαζόμενά</em></strong></span> <span class='ocrx_word' id='word_1_217' title='bbox 960 3220 991 3257; x_wconf 87' lang='grc' dir='ltr'><strong><em>τε</em></strong></span> <span class='ocrx_word' id='word_1_218' title='bbox 1018 3202 1067 3258; x_wconf 81' lang='grc' dir='ltr'><strong><em>καλ</em></strong></span> <span class='ocrx_word' id='word_1_219' title='bbox 1116 3223 1133 3272; x_wconf 90' lang='grc' dir='ltr'><strong><em>η</em></strong></span> <span class='ocrx_word' id='word_1_220' title='bbox 1161 3200 1239 3269; x_wconf 71' lang='grc' dir='ltr'><strong><em>δρυό-</em></strong></span> 
     </span>
     <span class='ocr_line' id='line_1_29' title="bbox 223 3270 1241 3361; baseline 0.003 -35"><span class='ocrx_word' id='word_1_221' title='bbox 223 3290 295 3340; x_wconf 87' lang='grc' dir='ltr'><strong><em>μενα</em></strong></span> <span class='ocrx_word' id='word_1_222' title='bbox 314 3287 336 3327; x_wconf 86' lang='grc' dir='ltr'><strong><em>ο.</em></strong></span> <span class='ocrx_word' id='word_1_223' title='bbox 351 3270 459 3353; x_wconf 73' lang='lat' dir='ltr'><strong><em>Reiske¹</em></strong></span> <span class='ocrx_word' id='word_1_224' title='bbox 527 3275 561 3325; x_wconf 91' lang='lat'><strong><em>10</em></strong></span> <span class='ocrx_word' id='word_1_225' title='bbox 581 3271 805 3342; x_wconf 81' lang='grc' dir='ltr'><strong><em>βεβουλευμένου</em></strong></span> <span class='ocrx_word' id='word_1_226' title='bbox 825 3273 847 3328; x_wconf 95' lang='lat'>0</span> <span class='ocrx_word' id='word_1_227' title='bbox 867 3273 1076 3361; x_wconf 81' lang='grc' dir='ltr'><strong><em>βεβουλημένον</em></strong></span> <span class='ocrx_word' id='word_1_228' title='bbox 1122 3273 1241 3346; x_wconf 70' lang='lat' dir='ltr'><strong>&#39;eseling</strong></span> 
     </span>
     <span class='ocr_line' id='line_1_30' title="bbox 224 3335 1239 3417; baseline 0.004 -21"><span class='ocrx_word' id='word_1_229' title='bbox 224 3348 257 3397; x_wconf 80' lang='lat'><strong><em>12</em></strong></span> <span class='ocrx_word' id='word_1_230' title='bbox 276 3337 308 3396; x_wconf 86' lang='grc' dir='ltr'><strong><em>τὸ</em></strong></span> <span class='ocrx_word' id='word_1_231' title='bbox 327 3342 392 3396; x_wconf 74' lang='lat' dir='ltr'><strong><em>Bet</em></strong></span> <span class='ocrx_word' id='word_1_232' title='bbox 410 3340 512 3396; x_wconf 70' lang='lat' dir='ltr'>Remke</span> <span class='ocrx_word' id='word_1_233' title='bbox 530 3335 581 3395; x_wconf 84' lang='grc' dir='ltr'><strong><em>τὸν</em></strong></span> <span class='ocrx_word' id='word_1_234' title='bbox 599 3341 624 3395; x_wconf 83' lang='lat' dir='ltr'><strong>R</strong></span> <span class='ocrx_word' id='word_1_235' title='bbox 688 3347 721 3397; x_wconf 78' lang='lat'><strong><em>13</em></strong></span> <span class='ocrx_word' id='word_1_236' title='bbox 740 3338 925 3414; x_wconf 87' lang='grc' dir='ltr'><strong><em>ἀγχίστροφοι</em></strong></span> <span class='ocrx_word' id='word_1_237' title='bbox 942 3345 965 3398; x_wconf 94' lang='grc' dir='ltr'>Β</span> <span class='ocrx_word' id='word_1_238' title='bbox 983 3346 1166 3414; x_wconf 86' lang='grc' dir='ltr'><strong><em>αντίοτροφοι</em></strong></span> <span class='ocrx_word' id='word_1_239' title='bbox 1184 3345 1212 3400; x_wconf 84' lang='lat' dir='ltr'>R</span> <span class='ocrx_word' id='word_1_240' title='bbox 1235 3345 1239 3417; x_wconf 78' lang='lat'>1</span> 
     </span>
     <span class='ocr_line' id='line_1_31' title="bbox 223 3405 1242 3558; baseline 0.008 -23"><span class='ocrx_word' id='word_1_241' title='bbox 223 3409 408 3537; x_wconf 57' lang='grc' dir='ltr'><strong><em>ιίιιιΒ</em></strong></span> <span class='ocrx_word' id='word_1_242' title='bbox 431 3405 1097 3558; x_wconf 57' lang='grc' dir='ltr'><strong><em>ιωειλλελιίελῖιῖαιλι</em></strong></span> <span class='ocrx_word' id='word_1_243' title='bbox 1124 3422 1162 3542; x_wconf 66' lang='grc' dir='ltr'><strong><em>εἰ</em></strong></span> <span class='ocrx_word' id='word_1_244' title='bbox 1182 3409 1242 3542; x_wconf 72' lang='grc' dir='ltr'><strong><em>λε</em></strong></span> 
     </span>
    </p>
   </div>
   <div class='ocr_carea' id='block_1_4' title="bbox 0 0 1361 3982">
    <p class='ocr_par' dir='ltr' id='par_1_12' title="bbox 0 0 1361 3982">
     <span class='ocr_line' id='line_1_32' title="bbox 0 0 1361 3982; baseline 0 0"><span class='ocrx_word' id='word_1_245' title='bbox 0 0 1361 3982; x_wconf 95' lang='lat' dir='ltr'><strong><em> </em></strong></span> 
     </span>
    </p>
   </div>
  </div>
 </body>
</html>
