2660 3986
218 60 253 115 1

527 187 724 268 41*-
1083 211 1146 280 εει

13 444 18 467 Ι
130 369 186 450 λές
218 367 384 457 ὑπέλαβεν
417 367 522 456 εἶναι,
561 367 694 440 ἅπασαν
727 373 765 442 δέ
800 371 862 461 τὴν
900 371 1058 461 στρατιάν
1096 375 1149 442 ἐπὶ

12 518 17 561 η
131 483 303 558 Λατίνους
339 475 435 566 άγειν
477 477 700 565 ἐβουλεύσατο
741 479 798 548 καί
832 485 963 548 τίθεται
1003 486 1148 567 πλησίον

12 568 17 611 ²
132 582 245 654 αὐτῶν
276 582 338 654 τὸν
369 582 506 674 χάρακα.
557 582 628 653 κατ’
652 581 763 684 ,ἀρχάς
799 585 863 672 μὲν
895 577 960 655 ούν
997 584 1149 673 ὀκνηρῶς

11 734 15 773 7
132 689 224 778 εἶχον
249 690 398 779 ἑκάτεροι
425 690 547 772 πάσαις
574 689 861 760 ἀποκινδυνεῦσαι
887 705 960 772 ταῖς
983 691 1148 780 δυνάμεσι

11 823 18 889 Ἰ
131 796 281 879 δεδιότες
321 795 380 877 τὰς
419 795 576 885 ἀλλήλων
613 798 843 885 παρασκευάς,
880 798 1174 886 ἀκρρβολισμούςτ

12 892 18 923 ²
132 904 170 972 δέ
192 903 364 984 κατιόντες
391 905 427 972 ἐκ
454 907 523 974 τῶν
552 904 727 993 ἐρυμάτων
756 907 792 973 οί
816 907 911 988 ψιλοί
933 904 1012 994 παρ’
1039 906 1148 975 ἐκατέ-

132 1037 203 1100 ρων
225 1022 375 1097 συνεχεῖς
402 1012 579 1080 ἐποιοῦντο
607 1011 663 1080 καὶ
690 1001 778 1098 ἦσαν
808 1008 854 1091 ῶς
880 1009 921 1080 τά
943 1011 1049 1081 πολλά
1078 1011 1148 1080 ἐσύ-

130 1138 244 1206 μαχοι·
276 1115 388 1207 χρόνῳ
416 1115 448 1185 δ’
476 1115 619 1207 ὕστερον
648 1116 857 1206 ἐμπεσούσης
884 1114 1089 1208 ἀμφοτέροις
1112 1120 1187 1190 ἐκ3

130 1227 198 1293 τῶν
226 1223 391 1292 τοιούτων
424 1220 618 1312 ἁψιμαχιῶν
645 1229 854 1312 φιλονεικίας
884 1226 1149 1312 ἐπιβοηθοῦντες

6 1323 8 1342 ⁵
131 1329 282 1418 ἑκάτεροι
303 1343 374 1411 τοῖς
397 1332 582 1419 σφετέροις,
605 1327 714 1418 ὀλίγοι
733 1331 794 1418 μὲν
813 1332 852 1400 τὸ
870 1333 1017 1420 πρῶτον,
1036 1336 1147 1400 ἔπειτα
1161 1355 1188 1400 ιο

131 1436 322 1525 σύμπαντες
347 1435 616 1524 ἠναγκάσθησαν
645 1439 681 1505 ἐκ
706 1440 775 1505 τῶν
804 1439 1041 1526 στρατοπέδων
1067 1463 1149 1525 προ-

131 1551 255 1614 ελδελν.
294 1543 352 1614 καὶ
373 1542 595 1624 καταστάντες
618 1547 666 1624 είς
683 1542 794 1630 μάχην
813 1541 937 1630 ἀνδρες
957 1542 1035 1612 οὔτε
1052 1552 1148 1613 πολε-

131 1655 239 1739 μικῶν
262 1649 405 1737 ἀγῶνων
424 1650 574 1738 ἀτριβεῖς
597 1647 675 1720 οὔτε
692 1649 816 1736 πλήθει
841 1647 929 1718 πολὺ
947 1646 1149 1730 ἀποδέοντες

7 1817 8 1838 η
36 1749 40 1756 ’
131 1755 286 1844 ἀλλήλων
308 1761 404 1840 πεζοί
421 1781 457 1824 τε
479 1757 535 1825 καὶ
566 1759 675 1836 ίππεῑς
697 1759 875 1846 προθυμίᾳ
896 1781 933 1824 τε
956 1752 1148 1843 ὡρμημένοι

130 1861 214 1951 πρὸς
240 1860 300 1934 τὸν
328 1862 476 1951 πόλεμον
505 1859 607 1953 ὁμοίςι
633 1862 689 1930 καὶ
715 1862 893 1930 κινδύνων
920 1860 982 1930 τὸν
1008 1867 1147 1948 ἐσχατον
1162 1885 1188 1932 τι

5 1957 7 1964 ’
131 1969 350 2060 ἀναρριπτεῖν
386 1974 585 2058 νομίσαντες
620 1967 831 2057 ἠγωνίσαντο
869 1968 931 2056 μὲν
963 1965 1148 2057 ἀμφότεροι

134 2077 240 2165 λόγου
267 2075 382 2163 ἀξίως,
410 2080 633 2165 διεκρίθησαν
660 2075 698 2144 δέ
724 2073 780 2143 ἀπ’
806 2072 963 2162 ἀλλήλων
992 2075 1149 2162 ίσόμαχοι

76 2184 257 2266 ὅοενυκτὸς
279 2183 513 2272 ἐπιλαβούσης.
559 2180 580 2270 ἡ
604 2185 719 2271 μέντοι
746 2181 828 2270 μετά
850 2178 911 2250 τὸν
935 2180 1051 2269 ἀγῶνα
1076 2179 1190 2248 διά-4

131 2320 208 2363 νοια
232 2293 398 2379 ἑκατέρων
421 2287 484 2377 οὐχ
507 2286 609 2377 ὁμοία
628 2291 794 2378 γενομένη
818 2287 989 2378 φανερούς
1012 2290 1148 2375 ἐποίησε

130 2398 211 2480 τούς
241 2409 392 2485 κρεῖττον
428 2394 704 2484 ἀγωνισαμένους
739 2397 809 2465 τῶν
843 2395 981 2484 ἑτέρων·
1012 2399 1052 2483 τῇ
1084 2392 1149 2483 γάρ
1163 2417 1191 2464 τε

132 2507 206 2594 ἑξῆς
228 2501 336 2594 ἡμέρᾳ
350 2509 491 2571 Λατῖνοι
509 2502 571 2590 μὲν
592 2500 702 2572 ούκέτι
719 2501 890 2590 προῄεσαν
913 2503 950 2570 ἐκ
966 2503 1028 2569 τοῦ
1046 2500 1150 2590 χάρα·

131 2639 200 2699 κος,
224 2605 245 2680 ὅ
262 2610 301 2680 δὲ
318 2613 387 2679 τῶν
400 2606 574 2697 Ῥωμαίων
592 2607 749 2696 βασιλεὺς
771 2605 944 2697 ἐξαγαγῶν
967 2605 1026 2688 τάς
1045 2607 1150 2677 δυνά-

133 2745 205 2807 μεις
227 2722 275 2797 είς
296 2715 335 2786 τὸ
353 2719 470 2786 πεδίον
489 2718 621 2805 ἕτοιμος
643 2707 687 2803 ἦν
706 2715 821 2804 ἑτέραν
842 2723 1016 2802 ποιεῖσθαι
1039 2714 1149 2802 μάχην

132 2825 188 2894 καὶ
220 2824 316 2911 μέχρι
347 2826 475 2892 πολλοῦ
509 2825 669 2911 κατέσχεν
702 2823 739 2890 ἐν
770 2821 859 2903 τάξει
890 2819 953 2908 την
984 2819 1149 2908 φάλαγγα.

133 2928 178 3012 ῶς
207 2931 239 2998 δ’
266 2926 328 2998 ούιι
354 2927 596 3019 ἀντεπεξῄεσαν
625 2931 661 2997 oc
685 2928 854 3015 πολέμιοι,
877 2925 1070 3017 ζσκνλεύσας
1092 2924 1148 2994 αύ-
1163 2945 1190 2992 τε

5 3029 6 3032 ¹
133 3041 201 3108 τῶν
233 3034 313 3116 τούς
345 3034 487 3124 νεκρούς
518 3037 574 3104 καὶ
605 3033 684 3116 τούς
716 3037 825 3114 ίδίους
854 3031 1058 3119 ἀνελόμενος
1084 3031 1148 3100 σὺν

133 3147 245 3238 πολλῷ
270 3139 435 3231 αὐχήματι
458 3140 565 3230 ἀπῆγε
591 3139 654 3229 τὴν
678 3139 838 3228 στρατιάν
868 3140 921 3208 ἐπὶ
943 3138 1004 3207 τὸν
1027 3139 1149 3207 ἑαυτοῦ

133 3276 272 3340 χαρακα.

205 3417 221 3466 8
241 3405 292 3464 τὸν
315 3410 338 3465 Β
358 3427 412 3466 om.
430 3411 456 3466 R
536 3417 569 3465 15
593 3411 728 3464 κίνδυνον
752 3424 775 3464 ο.
794 3405 936 3475 Kiessling
1008 3410 1041 3458 16
1061 3398 1149 3475 ἀναρ-

135 3488 229 3555 ριπεῖν
247 3481 272 3534 Α
345 3487 379 3536 22
398 3481 454 3536 τῶν
472 3481 495 3535 Β
514 3496 567 3536 om.
588 3479 613 3534 R
689 3485 725 3536 24
742 3476 878 3550 κατέσχεν
896 3476 920 3531 Β
938 3481 1070 3545 κατεῖχεν
1088 3475 1115 3530 R

931 3565 988 3620 24*
