2660 3986
591 214 756 264 -Γ-
1114 208 1178 275 387

167 370 252 442 ἀλλὰ
294 371 383 462 δόλῳ
425 377 578 459 μείζονας
619 364 721 450 αὖθις
761 368 977 440 ἀποστέλλειν
1019 368 1182 458 δυνάμεις

167 477 452 567 παρεσκευάζοντο
487 479 544 548 καὶ
577 476 765 566 στρατηγὸν
798 477 1042 568 ἐμπειρότερον.
1093 475 1111 546 ὁ
1142 477 1181 546 δέ

172 585 358 672 Ταρκύνιος
389 581 511 670 μαθων
538 582 601 671 τὴν
635 583 792 654 διάνοιαν
824 581 937 654 αὐτῶν
966 589 1091 672 συνῆγε
1117 582 1180 670 τὴν

168 690 328 780 στρατιὰν
358 689 415 760 διὰ
441 691 564 779 τάχους
590 693 646 762 καὶ
674 691 755 780 πρὶν
784 693 934 771 ἐκείνους
960 689 1109 770 ἅπαντας
1138 687 1180 777 δὴ

169 807 350 868 συνελθεῖν
370 797 498 886 φθάνει
518 797 638 885 διαβάς
654 797 715 868 τὸν
731 797 865 885 Ἀνίητα
882 797 1044 886 ποταμόν.
1076 801 1182 866 ταῦτα
1196 851 1209 891 5

168 902 290 993 μαθων
314 901 332 974 ὁ
355 909 423 974 τῶν
447 911 611 992 Σαβίνων
634 903 818 992 στρατηγὸς
845 903 932 994 ἐξῄει
962 904 1024 993 μὲν
1048 901 1092 984 ὡς
1115 901 1182 992 εἶχε

167 1012 290 1100 τάχους
320 1010 383 1100 τὴν
416 1013 536 1082 νεωστὶ
569 1014 784 1099 συνηγμένην
822 1011 969 1098 δύναμιν
999 1009 1182 1098 ἀναλαβὼν

167 1121 223 1188 καὶ
253 1119 550 1207 στρατοπεδεύεται
578 1124 723 1205 πλησίον
750 1122 818 1188 τῶν
842 1115 1015 1206 Ῥωμαίων
1043 1119 1098 1187 ἐπί
1126 1117 1182 1186 λό-

168 1253 237 1314 φου
268 1225 361 1306 τινὸς
392 1223 527 1313 ὑψηλοῦ
557 1226 614 1294 καί
641 1223 829 1312 ἀποτόμου,
861 1223 968 1312 μάχης
998 1225 1036 1294 δέ
1066 1224 1182 1312 άρχειν

169 1331 230 1400 οὐκ
254 1335 447 1420 ἐδοκίμαζεν
472 1333 534 1410 ἕως
551 1333 589 1398 αί
609 1332 723 1398 λοιπαὶ
745 1335 814 1400 τῶν
833 1336 996 1416 Σαβίνων
1020 1331 1182 1419 δυνάμεις
1196 1349 1223 1390 1⁰

171 1440 397 1522 συνέλθωσιν,
421 1434 495 1504 ἀλλ’
517 1437 570 1504 ἐπὶ
591 1435 670 1515 τοὺς
692 1435 967 1523 προνομεύοντας
988 1436 1050 1524 τὴν
1069 1436 1183 1525 χάραν

170 1545 344 1630 ἐκπέμπων
373 1541 428 1612 άεί
452 1569 548 1622 τινας
573 1545 642 1610 τῶν
671 1543 797 1610 ίππέων
824 1542 881 1610 καί
903 1542 1025 1629 λόχους
1048 1545 1183 1628 ἐγκαθί-

170 1657 235 1733 ζων
258 1648 356 1730 ὕλαις
373 1645 394 1736 ἢ
413 1648 537 1728 νάπαις
555 1646 644 1736 εἶργε
662 1646 742 1728 τοὺς
759 1646 944 1735 Ῥωμαίους
961 1653 1029 1717 τῶν
1049 1651 1108 1718 ἐπὶΙ
1120 1648 1183 1735 τὴν

170 1756 284 1846 χάραν
308 1755 444 1838 ἐξόδων.

258 1866 356 1932 LXV.
397 1866 526 1932 Τοῦτον
555 1861 592 1932 δέ
623 1861 685 1930 τὸν
717 1859 844 1950 τρόπον
874 1859 979 1930 αὐτοῦ
1007 1864 1224 1950 χρωμένου15

169 1975 216 2064 τῷ
240 1971 374 2061 πολέμῳ
396 1969 518 2038 πολλαὶ
541 1968 603 2056 μέν
632 1969 819 2056 συμπλοκαὶ
844 1969 925 2053 [καὶ]
949 1968 1021 2037 κατ’
1048 1967 1184 2056 ὀλίγους
1216 2027 1219 2033 .

49 2066 54 2072 ’
118 2081 286 2160 ῖῖουιλῶν
313 2077 427 2144 τεκαὶ
455 2077 582 2145 ίππέων
610 2077 778 2162 ἐγίνοντο,
811 2073 898 2162 μάχη
933 2075 971 2143 δέ
1003 2073 1185 2164 ὁλοσχερὴς

171 2181 330 2254 ἁπάντων
354 2181 503 2270 οὐδεμία.
549 2182 732 2270 ἑλκομένου
761 2181 799 2250 δέ
821 2186 882 2250 τοῦ
904 2181 1032 2270 χρόνου
1055 2181 1101 2250 δι’
1128 2182 1184 2271 ὀρ-

170 2295 232 2378 γης
254 2292 369 2378 φέρων
391 2287 465 2376 την
479 2285 655 2377 διατριβὴν
685 2285 703 2356 ὁ
727 2289 913 2376 Ταρκύνιος
940 2289 993 2356 ἐπὶ
1015 2287 1078 2376 τὴν
1102 2314 1183 2376 παρ-

171 2395 317 2485 εμβολὴν
344 2400 412 2466 τῶν
443 2401 612 2483 πολεμίων
644 2393 702 2476 τάς
730 2396 891 2484 δυνάμεις
922 2401 1053 2485 ἔκρινεν
1086 2395 1182 2482 άγειν
1197 2419 1224 2459 εο

168 2505 226 2574 καί
248 2501 372 2582 πολλάς
395 2500 575 2589 ἐποιήσατο
597 2501 797 2590 προσβολάς.
843 2507 954 2571 ἔπειτα
975 2500 1182 2590 καταμαθὼν
1201 2499 1223 2564 2

169 2615 214 2702 τῷ
238 2613 337 2700 βιαίῳ
355 2613 425 2678 τῶν
443 2607 578 2696 τρόπων
598 2607 640 2676 οὐ
659 2610 782 2698 ῥᾳδίαν
802 2600 910 2678 οὖσαν
929 2607 1034 2696 αὐτὴν
1054 2606 1182 2693 ἁλῶναι

171 2716 228 2785 διά
254 2715 316 2803 τὴν
345 2715 527 2804 ἐχυρότητα
554 2719 594 2804 τῇ
623 2713 742 2783 σπάνει
769 2718 838 2784 τῶν
866 2717 1064 2802 ἐπιτηδείων
1086 2725 1183 2784 πολε-

169 2837 244 2910 μεῖν
271 2837 342 2902 τοῖς
369 2825 406 2892 ἐν
435 2821 518 2910 αὐτῇ
548 2825 687 2908 διέγνω,
713 2823 769 2890 καὶ
797 2820 886 2911 παρά
910 2822 1017 2902 πάσας
1044 2821 1102 2902 τὰς
1125 2849 1183 2910 φε-

169 2928 308 3014 ρούσας·
322 2925 372 2996 ἐπ’
399 2927 505 3014 αὐτὴν
537 2925 639 3006 ὁδοὺς
665 2928 814 3016 φρούρια
845 2928 1182 3016 κατασκευαζόμενος,
1196 2951 1224 2992 ιο

171 3037 366 3116 ξυλίζεσθαί
393 3061 428 3102 τε
460 3031 585 3112 αὐτοὺς
615 3035 670 3100 καὶ
702 3032 798 3120 χιλὸν
831 3037 945 3112 ιπποις
977 3049 1182 3120 συναγαγεῖν
1220 3111 1223 3118 ,

242 3183 256 3232 7
277 3173 456 3246 συνηγμένην
474 3173 599 3245 δυναμιν
617 3175 640 3228 Β
665 3171 830 3245 δόναμινσ.
851 3175 875 3230 R
895 3175 899 3246 Ι
919 3173 968 3228 καὶ
987 3171 1139 3248 όναλαβιδν
1157 3180 1182 3232 Α

170 3273 203 3322 16
223 3265 272 3320 καλ
290 3265 344 3320 δελ.
359 3265 497 3320 Bflchelor
568 3269 602 3318 21
622 3260 800 3350 καταμαθὼν
818 3264 841 3316 Β
859 3251 1001 3334 μαθάνΒ
1073 3271 1107 3319 22
1131 3263 1182 3320 τὸν
1266 3253 1273 3282 '

168 3333 309 3407 τρόπονΑ
354 3331 495 3442 23*διὰ
466 3356 518 3406 την
534 3333 720 3458 ἐχυρότηταὲ
739 3329 780 3389 δι’
792 3333 994 3405 ίσχυρότηταΒ
1005 3335 1009 3408 λ
1020 3339 1182 3406 πολιοραειν

168 3408 383 3549 δὸΡὲἓόόρια2δ
404 3403 572 3550 φτόάάρδίςίδδ
587 3407 1100 3548 Κῐῗδῦσάδῖίῗέλῗίόίἓοδῖῗειδεδῗῗ
1108 3415 1181 3546 {3216

965 3567 1022 3622 25·
