2660 3986
565 250 598 260 -
637 223 731 274 Γ·-
1091 220 1158 285 375

134 379 309 468 Ῥωμαίων
340 378 528 477 βασιλεύςς
544 375 619 447 ἀλλ’
649 377 1061 468 ἀναστρατοπεδεύσαντες
1094 379 1156 469 ἀμ-

140 488 279 575 φότεροι
302 487 358 554 καὶ
379 489 439 574 τῆς
460 483 617 573 ἀλλήλων
634 491 697 574 γῆς
716 484 818 556 ούδδυ
838 487 1048 569 κακώσαντες
1071 484 1156 578 ἀπή-

140 614 222 666 εσαν
246 591 296 663 ἐπ’
322 601 428 662 οίκον.
473 591 590 680 γνιόμη
615 590 647 661 δ’
673 591 874 682 ἀμφοτέρων
897 587 942 682 ήν
965 592 1065 682 ὁμοία
1087 599 1155 683 μεί-

140 707 220 784 ζονα
245 698 392 788 δύναμιν
411 699 527 788 ἑτέραν
551 700 604 768 ἐπὶ
622 697 684 786 τήν
708 699 863 788 ἀλλήλων
888 700 1002 789 χώραν
1024 701 1154 788 ἐξάγειν

13 828 17 837 ·
140 812 239 896 ἔαρος
274 803 473 894 ἀρχομένου.
532 805 602 875 ἐπεὶ
644 805 682 874 δὲ
714 806 867 896 <πάντα>
904 807 1181 902 παρεσκεύαστοχ

141 910 269 999 αύτοίς,
296 911 454 1001 πρότεροι
481 912 544 1000 μὲν
567 913 713 1000 ἐξῆλθον
741 916 776 982 οί
796 919 942 1000 Σαβῖνοι
970 919 1155 1004 Τυρρηνῶν

84 1025 275 1108 εσῦἐχοντες
295 1019 469 1110 [δύναμιν]
495 1018 615 1106 ίκανήν
635 1019 746 1107 [πρὸς]
770 1026 961 1109 συμμαχίαν
978 1023 1035 1092 καὶ
1056 1049 1155 1092 κατα-

139 1125 461 1214 στρατοπεδεύονται
477 1125 629 1214 Φιδήνης
645 1132 790 1214 πλησίον
808 1129 884 1215 περὶ
902 1127 962 1208 τὰς
984 1129 1156 1217 συμβολὰς

43 1289 50 1298 .
137 1237 202 1302 τοῦ
227 1260 264 1302 τε
287 1231 437 1319 Ἀνίητος
468 1234 524 1302 καὶ
555 1237 618 1302 τοῦ
649 1234 803 1321 Τεβέριος
836 1239 989 1323 ποταμοῦ
1023 1235 1156 1317 διττοὺς

137 1339 321 1428 βαλόμενοι
343 1339 423 1421 τοὺς
440 1339 586 1428 χάρακας
605 1342 779 1421 ἐναντίους
800 1367 836 1410 τε
855 1342 910 1410 καὶ
929 1353 1079 1430 συνεχεῖς
1096 1341 1153 1410 ἀλ·
1168 1367 1195 1408 ιο

9 1461 10 1468 ’
138 1446 269 1534 λήλοις,
297 1447 401 1534 μέσον
430 1451 562 1534 ἔχοντες
587 1445 625 1515 τὸ
653 1445 773 1516 κοινὸν
800 1449 834 1530 ἐξ
862 1446 1062 1536 ἀμφοτέρων
1084 1453 1154 1518 τῶν

137 1557 298 1642 ποταμῶν
326 1554 484 1642 ῥείθρου,
512 1550 566 1641 ἐφ’
593 1543 634 1622 οὗ
666 1553 907 1624 κατεσκεύαστο
940 1556 1072 1644 γέφυρα
1100 1557 1155 1637 ξυ-

138 1659 328 1748 λόφρακτος
351 1659 496 1747 σκάφαις
518 1657 703 1748 ἀνεχομένη
726 1660 783 1728 καὶ
801 1663 948 1748 σχεδίαις
966 1659 987 1747 ἡ
1008 1666 1154 1731 ποιοῦσα

136 1771 269 1854 ταχείας
295 1765 355 1848 τάς
382 1766 467 1855 πρὸς
493 1764 659 1854 ἀλλήλους
691 1765 821 1856 ἀφίξεις
846 1768 902 1836 καὶ
932 1765 992 1836 τὸν
1024 1767 1154 1856 χάρακα

137 1875 207 1943 ἕνα.
248 1873 443 1962 πυθόμενος
466 1874 504 1944 δὲ
526 1872 589 1962 τήν
607 1874 766 1961 εἰσβολὴν
789 1871 902 1944 αύτάιν
925 1871 943 1943 ὁ
966 1872 1154 1961 Ταρκύνιος

138 1983 233 2068 ἐξῆγε
256 1981 312 2050 καὶ
335 1979 436 2062 αύτδς
462 1979 500 2050 τὸ
519 1978 692 2068 Ῥωμαίων
721 1980 909 2068 στράτενμα
931 1981 1156 2069 καθιδρύεταί

136 2113 173 2155 τε
200 2087 321 2176 μικρὸν
345 2086 502 2175 ἀνωτέρω
529 2093 587 2176 τῆς
615 2090 753 2158 ἐντείνων
781 2092 1036 2176 στρατοπεδείας
1062 2087 1152 2174 παρὰ

137 2194 199 2263 τὸν
233 2193 367 2283 Ἀνίητα
407 2194 560 2284 ποταμὸν
600 2196 654 2264 ἐπὶ
695 2195 807 2283 λόφου
846 2191 939 2275 τινὸς
980 2199 1152 2282 καρτεροῦ.

137 2299 250 2390 ἀπάση
278 2301 316 2370 δὲ
347 2306 523 2392 προθυμίᾳ
554 2299 638 2388 πρὸς
668 2301 731 2371 τὸν
759 2301 907 2390 πόλεμον
942 2299 1152 2390 ὡρμημένων

137 2405 338 2498 ἀμφοτέρων
366 2406 479 2489 οὐδεὶς
506 2405 600 2495 ἀγτδν
627 2410 665 2477 ἐκ
690 2407 903 2493 παρατάξεως
929 2406 1007 2477 οὔτε
1030 2412 1151 2495 μείζων
1165 2428 1193 2470 ²⁰

1170 1846 1195 1910 4

1167 1933 1193 1973 15

111 2513 209 2583 ὀὔτ’
236 2514 387 2585 ἐλύσσων
415 2513 529 2595 αύτοίς
561 2517 714 2603 συνέστη.
758 2518 895 2603 ἷέφδασε
922 2512 987 2602 γὰρ
1017 2512 1035 2583 ὁ
1068 2521 1153 2603 Ταρ-

136 2621 254 2702 κύνιος
277 2619 432 2713 ἀγχινοίᾳ
455 2625 662 2711 στρατηγικῇ,
680 2620 789 2690 πάντα
812 2626 998 2710 συντρίψας
1019 2619 1061 2690 τὰ
1083 2625 1151 2690 τῶν

137 2733 301 2816 Σαβίνων
328 2727 505 2818 αράγματα
535 2729 592 2798 καὶ
622 2726 681 2810 τάς
713 2725 924 2816 παρεμβολὰς
952 2725 1064 2797 αὐτῶν
1092 2726 1152 2816 ἀμ-

136 2836 283 2922 φοτέρας
313 2833 489 2922 ἀράμενος.
543 2833 582 2904 τὸ
616 2835 654 2904 δέ
686 2834 900 2923 στρατήγημα
931 2838 992 2904 τοῦ
1024 2834 1152 2920 ἀνδρὸς

136 2939 272 3010 τοιόνδε
292 2933 350 3028 ἦν·
1167 2959 1194 3002 τε

209 3144 226 3190 2
244 3132 424 3200 τανύσαντες
442 3137 465 3190 Β
488 3133 648 3206 δηύοαντες
666 3137 692 3192 R
768 3140 785 3189 3
804 3125 839 3202 ήν
858 3134 909 3204 μία
935 3150 958 3189 ο.
977 3132 1067 3189 Cobet
1086 3133 1150 3191 obs.

136 3225 165 3278 p.
185 3213 218 3262 71
292 3203 422 3262 ὁπάντα
440 3206 505 3264 add.
523 3205 667 3276 Kiessling
740 3200 897 3275 λδύναμιν
915 3201 1152 3274 οιεε.Β1[κανήν

136 3295 192 3334 om.
216 3277 293 3350 B(?)
314 3282 319 3346 Ι
339 3275 410 3349 πρὸς
437 3294 491 3334 om.
515 3278 538 3331 B
629 3283 645 3332 9
673 3272 818 3340 διττάςΑ
905 3281 938 3331 10
966 3269 1104 3345 ἀλλήλους
1125 3277 1151 3330 Δ

138 3354 171 3404 11
201 3346 318 3418 ἔχοντας
346 3365 369 3404 ο.
392 3349 495 3404 Reiske
587 3354 620 3403 14
647 3345 714 3410 τούς
741 3345 795 3402 δύο
822 3344 951 3418 χάρακας
979 3345 1031 3401 ἕνα
1060 3342 1151 3402 ἐποίει

136 3437 160 3476 ο.
180 3420 285 3476 Reieke
358 3426 393 3475 16
411 3416 443 3475 τὸ
462 3417 595 3490 δωμαίων
614 3420 636 3473 Β
661 3420 718 3474 τῶν
737 3415 762 3506 ρ’
781 3421 806 3474 Δ
826 3421 830 3487 Ι
850 3415 1040 3487 καθιδρύεται
1059 3419 1082 3472 Β
1101 3438 1150 3472 κα·

135 3493 274 3560 δίδρυται
291 3493 317 3546 R
391 3495 423 3546 17
442 3510 472 3546 τε
492 3508 545 3547 om.
565 3491 610 3545 Ba
683 3495 717 3544 18
735 3492 851 3559 ανίηιτα
869 3488 895 3544 Α
