2670 3984
530 231 695 284 -A-
1058 227 1120 291 121

108 385 198 473 παρὰ
220 386 343 474 πατρὸς
361 389 417 456 καὶ
439 390 515 479 περὶ
537 393 666 458 πολλού
688 403 831 458 ποιεῖται
853 403 924 468 τοίς
946 386 1025 476 μεθ’
1047 389 1122 456 ἑαυ-

108 491 167 562 τὸν
192 495 364 580 ἐσομένοις
387 493 497 585 ὥσπερ
521 495 595 585 ίερδι
621 499 758 588 πατρῷα
780 495 1020 584 παραδιδόναι·
1044 501 1123 563 πολ-

109 598 162 666 λοί
190 597 223 666 δ’
248 601 334 668 είσλν
366 599 431 670 ἀπὸ
464 605 533 670 τῶν
564 605 747 689 τιμητικῶν
776 610 879 670 οίκων
906 600 1029 692 ἀνδρες
1058 603 1123 670 ἑπι-

109 720 228 792 φανελς
251 711 286 775 oc
308 705 592 795 διαφυλάττοντες
616 705 713 777 αύτά·
746 710 782 777 ἑν
807 703 857 789 οἷς
883 705 1025 795 εὑρίσκω
1049 711 1122 775 δευ-

108 814 192 904 τέρω
219 812 385 902 πρότερον
414 820 478 884 ἑτει
505 818 565 903 τῆς
596 812 752 895 ἁλώσεως
778 821 914 903 τίμησιν
942 811 1035 900 [ὑπὸ]
1063 815 1124 882 τού
1151 843 1164 884 ε

105 916 277 1007 Ῥωμαίων
302 921 413 1009 δήμου
435 924 641 1009 γενομένην,
668 913 689 1010 ᾖ
718 924 991 1011 παραγέγραπται
1018 919 1125 989 καθά-

109 1048 168 1114 περ
191 1027 248 1094 καὶ
271 1040 344 1106 ταῖς
366 1025 482 1107 ἄλλαις
499 1027 622 1116 χρόνος
641 1019 751 1108 οὗτος·
781 1025 1021 1107 ’ὑπατεύοντος
1039 1033 1126 1096 Λευ-

109 1137 184 1200 κίου
209 1130 400 1216 Οὐαλερίου
424 1140 572 1203 Ποτίτου
594 1135 650 1203 καί
673 1139 775 1204 Τίτου
793 1139 952 1204 Μαλλίου
971 1141 1126 1202 Καπιτω-

109 1243 207 1307 λίνου
234 1237 317 1326 μετά
343 1238 406 1327 τὴν
435 1238 579 1328 ἐκβολὴν
611 1245 680 1310 τῷν
713 1242 881 1327 βασιλέων
910 1240 986 1322 ἑνὸς
1014 1243 1127 1310 δὲοντι

110 1349 246 1438 είκοστῷ
261 1347 318 1414 καί
333 1347 496 1440 ἑκατοστῷ
513 1349 603 1416 ἔτεκ’
628 1345 712 1417 ὥστε
728 1345 790 1434 τὴν
806 1345 972 1434 Κελτικὴν
988 1351 1126 1436 ἔφοδον,

109 1448 152 1538 ἣν
174 1457 221 1544 τῷ
247 1454 393 1541 δευτέρῳ
417 1451 497 1541 μετὰ
515 1452 577 1541 τὴν
595 1458 731 1540 τίμησιν
751 1458 817 1522 ἑτει
835 1455 1023 1541 γενομένην
1038 1452 1128 1540 εύρί

110 1577 246 1647 σκομεν,
271 1561 577 1648 ἐκπεπληρωμένων
600 1563 668 1628 τῷν
692 1567 797 1627 είκοσι
820 1560 877 1626 καὶ
900 1559 1019 1628 ἑκατὸν
1044 1563 1127 1629 ἑτῶν

109 1669 281 1753 γενέσθαι.
323 1671 355 1735 εί
376 1665 414 1735 δὲ
436 1671 536 1736 τούτο
559 1664 597 1736 τὸ
623 1665 789 1754 διάστημα
807 1670 869 1735 τού
892 1666 1020 1754 χρόνου
1037 1665 1128 1754 τριά-

109 1799 212 1844 κοντα
237 1771 458 1860 ὀλυμπιάδων
477 1769 663 1860 εὑρίσκεται
682 1771 880 1860 γενόμενον,
901 1771 1031 1860 ἀνάγκη
1049 1771 1129 1852 τοὺς

110 1881 266 1970 κράτους
288 1878 553 1968 ἀποδειχθέντας
579 1877 728 1960 ὑπάτους
755 1877 934 1966 ὁμολογεῖν
965 1877 1127 1966 άρχοντος
1142 1910 1167 1952 15

64 1985 301 2074 191Ἀδήνησιν
331 1985 508 2074 Ἰσαγόρου
533 1987 778 2075 παρειληφέναι
810 1986 873 2074 τὴν
908 1985 1015 2074 ἀρχὴν
1047 1985 1130 2054 κατὰ

111 2093 309 2183 τὸπρῶτον
333 2099 405 2173 ἔτος
422 2097 481 2181 τῆς
500 2090 624 2180 ὀγδόης
641 2094 697 2162 καὶ
717 2093 895 2180 ἑξηκοστῆς
913 2091 1130 2179 ὀλυμπιάδος.

1146 1317 1167 1382 6

1142 1405 1167 1446 10

202 2219 334 2286 LXXV.
358 2219 426 2286 Καὶ
441 2216 508 2305 μὴν
523 2215 588 2286 ἀπό
602 2244 640 2304 γε
653 2221 712 2303 τῆς
727 2218 867 2304 ἐκβολῆς
880 2220 949 2285 τῶν
962 2217 1129 2302 βασιλέων

114 2326 166 2393 ἐπὶ
188 2325 251 2394 τὸν
275 2329 409 2413 πρῶτον
428 2322 574 2411 ἀρξαντα
596 2327 654 2410 τῆς
672 2322 801 2403 πόλεως
818 2322 991 2412 Ῥωμύλον
1015 2320 1130 2408 ἀναβι-

114 2432 256 2518 βασθεὶς
271 2427 288 2499 ὁ
303 2429 427 2519 χρόνος
442 2434 497 2516 έτη
512 2431 650 2517 τέτταρα
663 2429 746 2518 πρὸς
761 2433 872 2519 <τοίς>
887 2429 1129 2518 τετταράκοντα
1143 2460 1170 2500 το

114 2540 169 2607 καὶ
184 2541 372 2616 διακοσίοις
385 2533 547 2604 ἀποτελεῖ.
570 2541 764 2623 γνωρίζεται
776 2535 813 2604 δέ
826 2539 925 2604 τούτο
935 2551 1008 2617 ταῖς
1018 2540 1132 2605 διαδο-

115 2659 187 2732 χαῖς
200 2648 271 2714 τῷν
285 2642 452 2730 βασιλέων
466 2642 522 2710 καὶ
536 2655 606 2722 τοϊς
622 2647 741 2728 ἔτεσιν,
757 2639 807 2723 οἷς
825 2644 958 2712 ἕκαστοι
972 2645 1132 2730 κατέσχον

115 2751 177 2839 τὴν
197 2749 315 2838 ἀρχήν.
338 2747 507 2837 Ῥωμύλος
525 2749 587 2836 μὲν
607 2747 672 2837 γάρ
693 2746 710 2816 ὁ
730 2755 844 2830 κτίσας
862 2749 924 2836 τὴν
937 2749 1038 2818 πόλιν
1053 2747 1133 2818 ἑπτά

116 2859 170 2926 καὶ
193 2855 376 2946 τριάκοντα
400 2861 455 2941 ἔτη
480 2857 609 2941 λέγεται
632 2869 809 2943 κατασχεῖν
832 2855 894 2943 τὴν
918 2861 1134 2925 δυναστείαν·

61 2995 63 3000 ·
117 2964 197 3053 μετά
222 2963 260 3032 δὲ
283 2962 344 3031 τὸν
363 2959 536 3050 Ῥωμύλου
563 2961 717 3030 θάνατον
748 2960 966 3048 ἀβασίλευτος
993 2961 1014 3050 ἡ
1037 2963 1133 3042 πόλις
1147 2991 1173 3032 ετ

117 3073 279 3159 γενέσθαι
303 3069 430 3159 χρόνον
450 3067 633 3138 ἐνιαύσιον.
668 3073 778 3137 ἔπειτα
802 3069 922 3157 Νόμας
945 3073 1172 3155 Πομπίλιος2
1217 3051 1225 3066 ’

191 3280 283 3339 δύπὸ
303 3285 358 3339 del.
377 3282 494 3354 Madvig
511 3283 583 3337 Adv.
603 3283 616 3335 I
634 3300 661 3350 p.
682 3282 821 3350 7251τού
841 3283 863 3335 Β
882 3281 983 3335 τῷνΑ
1048 3287 1134 3337 ano-

118 3359 199 3411 τίνου
227 3355 279 3410 AB
371 3361 404 3410 10
428 3354 478 3409 καλ
506 3349 646 3426 ἑκατοστῷ
670 3353 716 3407 Bb
750 3369 803 3408 om.
828 3353 903 3407 ABa,
998 3359 1031 3408 13
1055 3351 1087 3408 δὲ
1111 3354 1134 3407 Β

119 3424 154 3497 δὴ
174 3429 201 3482 R
274 3432 307 3482 16
326 3424 367 3489 είς
385 3421 475 3495 ἀγροῦ
494 3425 518 3480 Α
540 3417 699 3493 ίοάγρουΒ
775 3429 810 3477 20
829 3429 887 3486 τοῖς
910 3422 1021 3478 addidit
1042 3425 1133 3479 Kiess·

120 3499 181 3569 ling
197 3499 202 3564 Ι
218 3499 267 3553 καλ
286 3515 340 3553 om.
359 3497 384 3551 A
457 3502 491 3550 26
510 3491 600 3564 νόμας
618 3495 666 3549 Bb
685 3495 775 3566 νομάς
793 3494 869 3549 ΑΒε.
888 3497 917 3550 et
935 3493 998 3552 aliis
1016 3496 1086 3551 loeis
