2682 3982
621 215 786 266 -Γ..

194 374 250 442 καλ
282 371 344 460 τήν
376 369 561 459 ἡγεμονίαν
592 369 737 440 ἀπόδοτε
769 374 829 462 μιᾷ
855 375 895 460 τή
922 378 1088 460 κρείττονι
1115 371 1212 444 πόλει
1312 435 1313 452 ,

194 481 251 548 καὶ
273 483 413 549 πλείονα
437 478 610 566 δυναμένῃ
629 491 739 546 ποιεῖν
758 475 872 565 ἀγαθὰ
890 477 952 566 τήν
970 477 1104 567 ήττονα.
1145 479 1211 568 έμοδ

194 586 256 673 μὲν
295 584 337 674 δή
378 583 470 655 ταῦτ’
505 582 587 666 ἀξιῶ
628 584 685 652 καὶ
725 583 855 654 τούτων
895 587 1089 672 γενομένων
1131 585 1209 656 τόθ’

193 692 340 781 ήγοῦμαι
366 695 510 779 βεβαίως
536 688 623 778 ήμῦς
650 695 789 760 ἔσεσθαι
816 695 952 777 φίλους,
986 691 1048 760 δύο
1083 693 1121 761 δὲ
1151 693 1211 762 πό-

153 825 166 867 ο
194 809 262 882 λεις
303 803 480 879 οἰκοῦντας
522 797 749 886 ἰσοκορύφους
791 795 901 887 ὥσπερ
942 801 1008 868 νῦν
1049 797 1211 869 οὐδέποτε

193 904 406 994 ὁμονοήσειν.

289 1014 328 1080 X.
378 1011 477 1082 Ταῦτ’
513 1010 659 1090 ἀκούσας
696 1009 714 1080 δ
756 1013 964 1098 Φουφέττιος
1000 1011 1127 1100 χρόνον
1159 1017 1261 1093 είς431

192 1117 322 1206 βουλήν
345 1116 501 1207 ᾐτήσατο,
524 1118 580 1186 καὶ
603 1116 764 1205 μεταστὰς
792 1119 827 1186 ἐκ
851 1121 912 1186 τοῦ
934 1117 1104 1204 συλλόγου
1127 1117 1211 1206 μετὰ

192 1229 260 1294 νῦν
288 1224 469 1314 παρόντων
493 1223 666 1312 Ἀλβανῶν
696 1229 728 1292 εί
755 1223 818 1313 χρή
847 1227 1005 1312 δέχεσθαι
1031 1223 1090 1306 τὰς
1120 1228 1210 1313 αίρέ-

153 1356 179 1396 το
194 1350 263 1410 σεις
289 1331 431 1401 ἐσκόπει.
482 1329 526 1412 ὡς
559 1331 597 1400 δὲ
628 1329 688 1412 τὰς
719 1329 878 1402 ἁπάντων
909 1330 1046 1419 ννιόμας
1078 1337 1210 1419 ἔλαβεν,

193 1439 393 1527 ἐπιστρέψας
428 1431 531 1518 αὖθις
567 1443 615 1518 είς
649 1436 711 1508 τὸν
747 1437 915 1524 σύλλογον
953 1439 1075 1520 ἔλεξεν·
1107 1436 1210 1526 Ἡμῖν

193 1546 270 1632 μέν,
294 1536 321 1613 ὦ
348 1543 470 1630 mne,
492 1542 554 1631 τήν
578 1543 640 1630 μὲν
663 1547 808 1631 πατρίδα
830 1552 1023 1613 καταλιπεῖν
1050 1541 1092 1612 οῦ
1116 1547 1213 1614 δοκεῖ

194 1649 269 1720 οὐδ’
295 1652 479 1738 ἐξερημοῦν
508 1648 581 1739 ίερδι
613 1653 751 1742 πατρῷα
779 1651 836 1719 καὶ
865 1649 1069 1739 προγονικὰς
1098 1652 1211 1731 ἑστίας

191 1759 248 1828 καὶ
279 1757 400 1844 τόπον,
432 1755 474 1826 δν
506 1755 605 1845 ἐμφὺς
636 1758 721 1826 έτῦν
748 1762 977 1826 πεντακοσίων
1009 1761 1044 1826 οί
1070 1759 1211 1844 πατέρες

153 1887 179 1930 τε
192 1862 288 1953 ἡμῶν
315 1867 493 1952 κατέσχον,
520 1865 703 1932 καὶταῦτα
730 1862 775 1950 μή
798 1865 947 1951 πολέμου
969 1863 1211 1954 κατειληφότος

191 1971 279 2060 ἡμᾶς
314 1969 393 2061 μηδ’
424 1970 529 2058 όίλλης
564 1973 780 2058 θεοπέμπτου
816 1975 995 2058 συμφορᾶς
1030 1973 1208 2058 μηδεμιᾶς·

193 2082 231 2148 ἓν
264 2079 302 2147 δέ
333 2077 606 2164 καταστήσασθαι
641 2077 885 2166 βουλευτήριον
917 2078 973 2146 καὶ
1005 2083 1086 2166 μίαν
1118 2076 1211 2147 εἶναί

152 2181 254 2273 ἳτήν
277 2184 448 2273 ἄρξουσαν
471 2186 531 2270 τής
553 2183 667 2270 ἑτέρας
690 2183 791 2252 πόλιν
816 2181 877 2252 οὐκ
899 2181 1086 2272 ἀπαρέσκει.
1126 2211 1208 2274 μρα-

192 2293 310 2380 φέσθα
336 2290 378 2380 δή
401 2291 578 2360 καὶτοῦτο
602 2287 640 2358 τὸ
671 2291 771 2378 μέρος
794 2292 831 2360 έν
854 2303 926 2369 ταῖς
949 2289 1152 2378 συνθήκαις,
1175 2319 1208 2361 ει

151 2419 177 2460 2⁰
192 2404 299 2485 δοκεῖ,
326 2399 381 2490 καὶ
408 2400 498 2465 πᾶσα
528 2394 737 2484 ἀναιρείσθω
765 2399 913 2484 πολέμου
936 2397 1113 2486 πρόφασις.
1160 2396 1209 2479 ὡς

192 2506 230 2574 δὲ
258 2505 451 2591 συνέβησαν
483 2504 537 2571 ἐπὶ
562 2501 710 2588 τούτοις,
742 2504 817 2591 περὶ
843 2507 903 2591 τής
930 2503 1116 2591 μελλούσης
1141 2503 1206 2593 τήν

191 2610 375 2699 ἡγεμονίαν
415 2607 675 2696 παραλήψεσθαι
719 2607 849 2689 πόλεως
894 2612 1109 2699 διεφέροντο,
1144 2605 1207 2680 Ικαὶ

190 2718 310 2786 πολλοὶ
342 2717 529 2802 ἐλέχθησαν
561 2719 609 2796 είς
640 2718 739 2783 τοῦτο
772 2715 869 2802 λόγοι
895 2715 974 2804 παρ’
1004 2714 1205 2805 ἀμφοτέρων
1316 2791 1317 2794 ,

192 2826 405 2903 δικαιοῦντος
438 2823 597 2909 ἑκατέρου
633 2819 695 2908 τήν
728 2819 832 2892 αὑτοῦ
864 2823 965 2891 πόλιν
997 2822 1113 2913 ἄρχειν
1145 2827 1207 2911 τής

150 2948 177 2991 2⁵
192 2930 313 3020 ἑτέρας.
364 2927 382 2998 δ
411 2928 472 3016 μὲν
501 2921 565 2998 οῦν
590 2925 751 3016 Ἀλβανδς
781 2933 919 2998 τοιαῦτα
950 2935 1126 3020 προίσχετο
1154 2933 1204 2998 δί-

151 3030 281 3108 3καια·
312 3035 441 3126 Ἡμεῖς,
469 3030 496 3106 ὦ
528 3036 648 3123 Τύλλε,
680 3038 736 3104 καλ
767 3039 826 3123 τής
858 3035 919 3123 μέν
947 3035 1050 3124 ἄλλης
1081 3037 1258 3125 ἄρχεινεοα

190 3143 281 3228 ῦξιοί
307 3145 407 3232 ἐσμεν
434 3142 588 3231 Ἰταλίας,
623 3141 676 3212 ὅτι
708 3148 811 3223 ἔθνος
832 3139 1032 3230 Ἑλληνικὸν
1064 3143 1119 3210 καὶ
1149 3147 1204 3230 μέ-

262 3345 294 3394 11
315 3337 357 3402 είς
374 3340 397 3394 Β
415 3340 515 3425 ωειλ
569 3343 603 3394 13
623 3335 653 3403 έξ
672 3333 818 3426 έρήμουΑ
834 3340 838 3408 1
854 3335 991 3410 <έσ>τίας
1008 3338 1061 3426 ᾼΒ
1088 3345 1150 3424 ,14
1170 3333 1204 3394 δν

190 3428 245 3468 om.
263 3411 339 3465 ΑΒα
419 3416 453 3465 19
472 3412 509 3479 δη
527 3409 581 3464 ΑΒ
659 3414 693 3464 20
712 3408 929 3482 αν<αι>ρεῖσθω
953 3410 976 3464 Β
1004 3412 1204 3478 ανηρησθωΑ

190 3487 224 3537 26
243 3480 433 3556 προ<ί>σχετο
452 3481 475 3534 Β
492 3480 639 3550 προείχετο
657 3481 683 3534 Α
755 3486 790 3536 26
809 3481 858 3536 καλ
872 3481 926 3537 del.
942 3480 1031 3536 Cobet
1045 3479 1111 3536 obs.
1125 3499 1153 3551 p.
1169 3487 1202 3536 61
