2698 3982
570 246 737 299 -Α..
1139 251 1161 315 5

146 409 313 473 τοσούτου
342 403 426 474 ὅσον
454 408 577 474 ἐκεῖναι
609 405 787 493 λαβούσας.
834 405 1010 495 Ἀθηναῖοι
1037 411 1099 497 μέν
1126 413 1199 497 γε2

148 508 250 598 αὐτῆς
272 511 382 599 μόνον
405 504 511 600 ἦρξαν
534 516 592 599 τῆς
613 520 782 602 παραλίου
805 519 901 584 δνείν
925 517 1045 586 δέοντα
1069 517 1164 602 ἑβδο-

110 616 297 704 9μήκοντα
321 623 377 704 ἔτη
401 620 455 688 καλ
481 617 561 687 οὐδὲ
580 619 703 706 ταύτης
720 616 862 708 ἁπάσης,
883 619 970 695 άλλὰ
992 626 1048 709 τῆς
1071 622 1165 704 ἐντὸς

146 721 314 806 Εὐξείνου
345 751 381 792 τε
412 724 542 794 πόντου
572 726 628 794 καὶ
655 737 717 796 τοῦ
747 733 956 814 Παμφυλίου
988 729 1164 816 πελάγους,

148 827 202 898 ὅτε
224 830 367 918 μάλιστα
389 831 715 921 ἐθαλασσοκράτουν.
757 834 1022 922 Λακεδαιμόνιοι
1042 835 1079 903 δὲ
1098 843 1190 905 Hm

146 936 362 1024 λοποννήσου
390 939 446 1006 καλ
475 943 535 1026 τῆς
562 937 666 1026 άλλης
693 944 894 1024 κρατοῦντες
912 938 1074 1022 Ἑλλάδος
1103 943 1165 1023 ἕως

146 1048 364 1124 Μακεδονίας
390 1042 452 1132 τὴν
476 1042 584 1134 ἀρχὴν
607 1043 859 1134 προύβίβασαν,
884 1047 1105 1134 ἐπαύσθησαν
1128 1047 1165 1116 δὲ
1282 1067 1285 1074 “

147 1146 212 1218 ὑπὸ
228 1155 388 1237 Θηβαίων
407 1148 490 1220 οὐδὲ
508 1149 570 1220 ὅλα
588 1151 769 1240 τριάκοντα
788 1157 843 1240 ἔτη
862 1152 925 1240 τὴν
945 1150 1052 1241 ἀρχὴν
1070 1180 1167 1222 κατα·

93 1274 128 1324 10
148 1255 293 1342 σχόντες.
348 1257 369 1345 ἡ
403 1256 441 1326 δὲ
469 1255 643 1345 Ῥωμαίων
680 1258 777 1340 πόλις
813 1256 944 1347 ἁπάσης
976 1259 1037 1347 μὲν
1072 1258 1165 1348 άρχει
1185 1264 1242 1328 3κ

147 1365 208 1448 γῆς
227 1360 289 1450 ὅση
308 1362 354 1451 μὴ
373 1362 559 1452 ἀνέμβατός
577 1367 680 1450 ἐστιν,
698 1363 772 1433 ἄλλ’
795 1363 853 1434 ὑπ’
874 1363 1070 1454 ἀνθρώπων
1089 1393 1164 1434 κατ·
1179 1395 1204 1434 10

148 1483 301 1556 οικεῖται,
334 1469 442 1557 πάσης
471 1471 509 1539 δὲ
535 1485 652 1560 κρατεῖ
677 1471 867 1560 θαλάσσης,
901 1469 942 1542 ού
972 1472 1080 1560 μόνον
1107 1477 1166 1558 τῆς

81 1633 83 1638 .
148 1574 242 1656 ἐντὸς
259 1573 465 1665 Ἡρακλείων
489 1583 635 1665 στηλῶν,
663 1575 749 1647 άλλά
778 1581 834 1647 καί
861 1583 921 1666 τῆς
941 1577 1167 1659 Ὠκεανίτιδος

93 1699 126 1748 11
148 1677 212 1768 ὅση
234 1689 391 1752 πλεῖσθαι
415 1683 459 1771 μὴ
483 1681 651 1765 ἀδύνατός
674 1686 755 1771 ἐστι,
774 1685 887 1773 πράτη
906 1686 962 1754 καί
986 1683 1073 1772 μόνη
1097 1689 1166 1752 τῶν

148 1789 185 1856 ἐκ
207 1793 269 1857 τοῦ
290 1789 415 1870 παντὸς
438 1794 562 1870 αίάνος
583 1793 891 1880 μνημονευομένων
920 1789 1088 1871 άνατολάς
1110 1789 1166 1858 καὶ

149 1895 263 1976 δύσεις
290 1893 393 1985 ὅρους
419 1898 627 1984 ποιησαμένη
655 1901 714 1984 τῆς
742 1901 952 1978 δυναστείας·
985 1895 1108 1984 χρόνος
1130 1923 1165 1965 τε
1180 1927 1206 1966 ιο

149 1999 232 2092 αὐτῇ
257 2007 317 2071 τοῦ
340 2004 483 2090 κράτους
507 2001 548 2071 ού
571 2003 708 2092 βραχύς,
731 2001 805 2072 ἀλλ’
832 2001 910 2083 ὅσος
934 2000 1075 2093 οὐδεμιᾷ
1097 2007 1166 2072 τῶν

148 2107 263 2178 ἄλλων
287 2107 365 2178 οὔτε
387 2109 519 2178 πόλεων
543 2107 620 2178 οὸτε
648 2104 848 2196 βασιλειῶν.
884 2107 989 2189 εύθύς
1016 2109 1079 2197 μὲν
1102 2096 1206 2195 γάρ4

149 2217 183 2296 ἐξ
205 2213 309 2302 ἀρχῆς
331 2215 412 2303 μετὰ
440 2215 501 2286 τὸν
530 2215 685 2304 οἰκισμὸν
711 2215 752 2285 τὰ
777 2223 922 2304 πλησίον
949 2221 1035 2303 ἔθνη
1058 2217 1165 2284 πολλὰ

148 2322 205 2388 καί
228 2321 353 2410 μάχιμα
383 2321 465 2392 ὅντα
492 2323 679 2411 προσήγετο
708 2325 763 2392 καὶ
791 2321 1000 2411 προύβαινεν
1021 2324 1077 2392 αἐὶ
1099 2325 1166 2390 πάν

149 2430 360 2515 δουλουμένη
383 2428 421 2498 τὸ
445 2426 638 2498 άντίπαλον·
670 2433 775 2498 ταῦτα
799 2430 837 2498 δὲ
859 2431 956 2498 πέντε
978 2431 1034 2498 καὶ
1057 2455 1167 2498 τεττα·
1181 2441 1208 2480 ²⁰

150 2533 296 2618 ράκουτα
318 2534 384 2622 ἤδη
407 2537 490 2622 πρὸς
517 2541 613 2622 [τοῖς]
639 2537 846 2616 ἑπτακοσίοις
874 2541 982 2605 ἔτεσίν
1006 2537 1096 2604 έστιν
1119 2539 1167 2614 είς

148 2638 298 2721 ὑπάτους
320 2642 494 2711 Κλαύδιον
513 2645 659 2730 Νέρωνα
680 2643 720 2710 τὸ
745 2642 905 2729 δεύτερον
930 2639 1165 2726 [ὑπατεύοντα]

149 2751 206 2816 καί
236 2753 395 2840 Πείσωνα
421 2748 679 2835 Καλπούρνιον,
709 2754 745 2816 οἳ
768 2746 851 2816 κατά
880 2745 942 2834 τὴν
969 2753 1084 2834 τρίτην
1113 2747 1166 2816 ἐπὶ

149 2866 223 2934 ταίς
245 2857 448 2940 ἐνενήκοντα
470 2855 527 2922 καί
546 2853 666 2922 ἑκατὸν
685 2853 889 2941 ὀλυμπιάσιν
908 2851 1167 2940 ἀπεδείχθησαν.
1173 2859 1202 2916 s'

222 3019 238 3066 2
263 3009 334 3068 αύτδ
351 3010 482 3084 μόνονο.
506 3013 595 3070 Cobet
627 3014 692 3069 obs
710 3033 749 3138 χ).
770 3015 804 3068 20
888 3014 947 3067 7*
954 3007 1069 3082 ἐπαύθη
1071 3011 1167 3068 οανΟ

150 3079 255 3140 8οόδὲ
280 3085 526 3156 Schweighaeuser
544 3087 581 3140 ad
598 3085 694 3173 Ρολχδ
758 3090 867 3154 ρ.,122
891 3084 996 3169 θαυμεῑ
994 3101 1024 3138 er
983 3084 1083 3138 fad
1102 3083 1167 3138 Dio·

150 3174 211 3225 nyS.
231 3155 265 3209 de
285 3172 374 3226 comp.
398 3158 475 3210 verb.
494 3175 521 3225 p.
541 3163 602 3224 297,
622 3175 686 3210 οντε
707 3155 729 3210 O
747 3156 750 3228 λ
768 3153 816 3225 ἔτη
835 3153 1043 3241 τετταράκοντα
1063 3155 1166 3208 Casan-

150 3229 240 3316 bonps
266 3228 302 3282 ad
330 3226 428 3296 Polyb.
453 3227 474 3294 I,
498 3233 514 3282 2
607 3233 639 3281 10
662 3223 719 3281 ύπδ
748 3227 773 3280 A
870 3233 901 3280 12
926 3221 1081 3287 ὥκεανίδος
1109 3221 1167 3280 ἐστὶ

150 3297 246 3384 πράτη
276 3293 327 3366 ὅση
347 3303 481 3352 πλειτθαι
488 3295 542 3384 μὴ
566 3292 731 3360 ἀδύνατος.
752 3297 801 3352 καί
823 3297 938 3366 μόνηΒ
978 3292 1167 3356 Ὠκεανίτιδος

150 3365 202 3438 ὅση
227 3367 285 3423 ἐστὶ
309 3365 412 3456 πλωτὴ,
435 3365 531 3438 κράτη
554 3367 603 3422 καλ
623 3368 738 3438 μόνηο.
757 3367 861 3424 Reiske
953 3373 985 3422 1⁷
1006 3367 1057 3454 μὲν
1072 3383 1125 3422 om.
1143 3366 1169 3420 B

152 3446 185 3500 19
204 3437 397 3507 προσηγάγετο
412 3441 437 3492 Α
518 3445 551 3493 21
571 3445 629 3502 τοις
648 3457 702 3494 om.
720 3441 768 3494 AB
850 3444 883 3492 22
903 3432 1084 3492 ύπατευοντα
1103 3455 1167 3493 oum

151 3511 240 3566 suida
258 3509 365 3565 delevit
383 3510 505 3565 Reudler
523 3509 612 3566 Τίτου.
633 3511 693 3564 crit.
713 3529 740 3580 p.
756 3517 781 3566 3.
846 3517 879 3564 23
899 3509 1046 3564 πίοωναΟ
