2660 3986
610 221 775 274 ..Γ-

188 377 233 460 άς
255 385 359 467 φίλον
386 378 484 466 όντα,
512 375 594 449 όταν
621 376 836 468 ὑποχειρίους
863 377 949 466 λάβη
976 375 1055 458 τοὺς
1087 381 1203 464 ἔνδον,

187 495 345 555 καθελεῖν
363 484 424 574 τὴν
443 485 544 555 πόλιν
562 485 640 574 άχρι
659 490 828 575 θεμελίων
842 482 992 573 μηθενός
1007 483 1088 571 μήτε
1108 489 1205 554 ίδίου

188 593 269 682 μήτε
286 597 407 662 κοινοῦ
424 593 737 681 κατασκευάσματος
755 592 960 681 φειδόμενον
980 590 1041 674 ἐξω
1063 595 1132 660 τῶν
1157 594 1204 660 ίε-

189 704 270 790 ρῶν,
289 697 485 788 ἀνθράκων
505 699 543 769 δὲ
556 701 690 787 μηθένα
707 699 788 788 μήτε
801 705 944 769 κτείνειν
963 697 1043 787 μήτε
1058 695 1205 786 άδικεϊν,

148 779 275 910 ἰάλλά
287 807 416 888 πάντας
430 809 490 876 ἐάν
505 811 594 894 ἐχειν
607 804 649 874 τά
668 807 806 875 ἑαυτῶν.
839 808 1005 894 ἐκπέμψας
1023 805 1061 874 δέ
1077 810 1206 875 τοῦτον

188 914 299 984 ἐκάλει
312 912 392 995 τοὺς
400 913 598 1001 ταξιάρχους
606 914 662 981 καὶ
671 911 750 994 τοὺς
759 911 923 1001 λοχαγούς
931 913 988 982 καὶ
1001 911 1041 981 τά
1056 911 1206 994 δόξαντα

188 1025 228 1111 τῇ
256 1023 363 1109 βουλῇ
392 1019 604 1106 διασαφήσας
635 1017 791 1106 φυλακὴν
822 1021 858 1087 ἐκ
884 1018 1014 1088 τούτων
1041 1023 1206 1088 καθίστα-

188 1154 243 1196 ται
265 1127 341 1215 περδ
363 1125 401 1195 τὸ
423 1130 531 1212 σῶμα·
554 1126 609 1194 καὶ
629 1123 698 1212 μετ’
716 1123 757 1193 οὐ
775 1123 862 1194 πολὺ
876 1130 987 1212 παρῆν
1006 1123 1024 1194 6
1041 1123 1208 1212 Ἀλβανὸς

190 1231 235 1313 άς
258 1233 311 1302 ἐπὶ
334 1231 491 1318 νικήματι
513 1235 616 1322 κοινῷ
640 1229 795 1319 γεγηθὼς
814 1233 870 1300 καὶ
892 1242 938 1324 τῷ
960 1231 1076 1324 Τύλλφ
1100 1252 1207 1319 συνη-

150 1359 177 1399 10
192 1338 342 1427 δόμενος.
377 1335 395 1406 ὁ
416 1337 453 1405 δὲ
475 1337 603 1418 Τύλλος
620 1337 813 1427 ἀπόρρητον
834 1337 896 1426 τὴν
914 1339 1052 1426 γνύμην
1072 1344 1119 1407 ἐτι
1138 1365 1207 1426 φυ-

190 1445 326 1515 λάσσων
349 1443 464 1533 ἐπῄνει
486 1469 521 1513 τε
545 1442 649 1513 αὐτὸν
671 1445 728 1512 καὶ
746 1443 901 1533 μεγάλων
919 1443 1016 1526 άξιον
1037 1442 1208 1531 ἀπέφαινε

191 1555 329 1642 δωρεῶν
357 1550 535 1639 παρεκάλει
567 1577 603 1620 τε
634 1550 810 1640 γράψαντα
837 1551 893 1618 καὶ
920 1549 960 1619 τὰ
989 1555 1058 1620 τῶν
1090 1549 1208 1620 ἄλλων

187 1659 360 1746 Ἀλβανῶν
388 1655 539 1744 ὀνόματα
565 1661 634 1726 τῶν
658 1659 817 1744 ἐπιφανές
843 1685 876 1726 τι
902 1657 985 1726 κατὰ
1007 1655 1070 1744 τὴν
1093 1657 1208 1745 μάχην

191 1766 471 1854 διαπραξαμένων
490 1769 607 1853 φέρειν
633 1761 678 1844 ὡς
696 1761 813 1850 αὐτόν,
836 1767 893 1832 ἵνα
911 1761 1060 1832 κάκελνοι
1082 1762 1144 1851 τὴν
1168 1767 1208 1833 ἐκ

119 1915 122 1920 ·
150 1845 258 1974 ᾗτῶν
277 1875 450 1942 ἐπινικίων
465 1869 712 1958 ἀπενέγκωνται
729 1883 861 1959 μοῖραν.
893 1867 911 1938 6
934 1868 996 1957 μὲν
1015 1868 1057 1958 δη
1071 1893 1207 1958 περιχα-

111 2041 115 2047 .
191 1979 252 2070 ρης
274 1978 458 2068 γενόμενος
475 1976 554 2058 τοὺς
571 1976 790 2056 πιστοτάτους
807 1979 877 2045 τάν
895 1981 1017 2063 φίλων,
1036 1969 1087 2056 οἷς
1110 1977 1207 2065 ἐχρή·

192 2107 273 2156 σατο
296 2089 365 2155 τῶν
388 2081 589 2174 ἀπορρήτων
607 2083 848 2171 βουλευμάτων
866 2096 1054 2171 συνεργοῖς,
1072 2084 1206 2172 είσγράψ

191 2207 257 2278 φας
272 2197 320 2274 είς
335 2194 454 2261 δέλτον
466 2193 674 2260 ἐπιδίδωσιν.
693 2190 711 2258 6
727 2188 766 2258 δέ
778 2193 847 2258 τῶν
856 2187 1030 2278 Ῥωμαίων
1042 2189 1201 2278 βασιλεὺς
1207 2211 1264 2261 491

192 2305 239 2381 είς
263 2301 453 2386 ἐκκλησίαν,
468 2295 616 2377 ἅπαντας
644 2295 876 2384 ἀποθεμένους
902 2295 943 2366 τά
973 2293 1059 2366 ὅπλα
1082 2296 1206 2366 ἐκάλει·

152 2419 180 2462 ²0
193 2405 385 2476 συνιόντων
409 2405 447 2473 δὲ
470 2401 583 2473 αὐτῶν
605 2401 665 2472 τὸν
689 2403 751 2491 μὲν
773 2400 922 2490 ἡγεμόνα
944 2406 1014 2472 τόν
1033 2399 1206 2489 Ἀλβανοῐν

190 2509 262 2599 ἅμα
275 2525 345 2592 τοῖς
358 2509 548 2598 ταξιάρχοις
565 2535 601 2578 τε
618 2510 675 2577 καὶ
689 2517 845 2596 λοχαγοῖς
862 2507 941 2597 παρ’
959 2505 1040 2577 αύτὸ
1058 2507 1097 2578 τὸ
1114 2513 1208 2598 βῆμα

192 2619 366 2686 ἐκέλευσεν
391 2615 538 2700 ἑστάναι,
561 2617 743 2702 ἐχομένους
770 2614 809 2682 δέ
830 2613 962 2684 τούτων
982 2613 1061 2695 τοὺς
1074 2611 1209 2694 ’ἄλλους

157 2764 159 2770 ·
189 2722 374 2810 Ἀλβανοὺς
390 2723 583 2808 ταχθέντας,
595 2720 832 2808 ἐκκλησιάζειν,
846 2720 928 2808 μετά
946 2720 984 2790 δὲ
1001 2718 1206 2807 τοὺςἏλβα-

191 2827 275 2910 νοός
292 2827 330 2898 τὸ
345 2825 466 2916 λοιπὸν
480 2831 549 2896 τῶν
563 2827 748 2916 συμμάχων
761 2831 906 2914 πλῆθος·
930 2827 1057 2910 ἔξωθεν
1073 2826 1110 2895 δέ
1123 2825 1208 2894 πάν-

151 2953 179 2997 25
192 2961 261 3006 των
283 2936 478 3024 περιέστησε
495 2932 690 3022 Ῥωμαίους,
714 2937 751 3004 ἐν
771 2928 822 3014 οἷς
843 2925 931 3020 ἦσαν
955 2937 991 3002 οί
1009 2931 1207 3020 γενναιότα-

191 3071 255 3129 τοι,
271 3045 349 3130 ξίφη
363 3041 572 3130 κρύπτοντας
585 3039 651 3112 ὑπὸ
664 3057 738 3122 ταῖς
751 3045 951 3128 περιβολαῖς.
988 3038 1033 3120 ὥς
1048 3038 1079 3106 δ’
1097 3041 1133 3108 ἐν
1148 3065 1207 3108 κα-

193 3153 241 3244 λῷ
260 3147 340 3278 τοὺς
358 3145 503 3238 ἐχθροὺς
522 3153 611 3236 ἔχειν
629 3145 795 3234 ὑπέλαβεν
813 3143 959 3228 άυαστάς
974 3147 1061 3228 ἔλεξε
1078 3144 1207 3214 τοιάδε·

264 3340 461 3416 λμηθενδςδ
480 3339 658 3414 μηδενδςῖδ
678 3336 849 3404 δτοόςοαλε
863 3345 920 3429 λοχ.
933 3343 1020 3399 om.B
1058 3347 1089 3396 11
1099 3335 1209 3409 φυλατ

192 3416 284 3471 τωνΒ
321 3421 355 3471 15
367 3410 413 3470 ἐν
400 3413 570 3485 έγκωτταιΒ
607 3409 840 3501 17είσγράψαςΒ
854 3415 1000 3484 γραφαςΒ.
1035 3418 1069 3468 23
1083 3411 1207 3482 ταχθέν-

192 3506 243 3550 τας
263 3480 484 3555 ἐκκλησιάζειν
474 3485 528 3541 del.
547 3484 652 3540 Reiske
706 3490 741 3541 26
758 3480 936 3556 κρύπτοντας
953 3483 976 3540 Β
994 3479 1166 3555 κρύπτοντες
1181 3483 1210 3537 R
