2660 3986
600 215 766 267 ..Γ-

176 375 249 440 δεῑν
273 369 355 442 κατὰ
377 369 415 440 τὸ
433 371 554 461 παρόν,
578 372 640 454 ἕως
657 366 701 440 ἀν
719 368 780 458 ὑφ’
802 372 908 462 ἑαυτοῦ
932 369 1110 458 ποιήσηται
1128 367 1192 437 τὸν

175 476 301 568 ἀνδρα,
328 475 402 548 ἀλλ’
429 481 579 550 ἐπαινεῖν
606 502 641 548 τε
667 476 731 567 τὴν
760 475 975 566 ἀναχώρησιν
999 475 1103 546 αὐτοῦ
1126 474 1191 563 τὴν

176 585 229 654 ἐπὶ
252 583 292 654 τὰ
314 587 462 676 μετέωρα
485 584 570 676 πρὸς
590 583 736 666 πολλοῦς
759 589 828 654 τών
850 584 1031 670 παρόντων
1054 581 1099 664 ώς
1122 581 1191 652 ἀπὸ

175 690 300 772 παντὸς
326 697 387 762 τοῦ
414 699 588 780 βελτίστου
615 693 804 781 γενομένην
832 691 1009 780 ἐσκήπτετο
1036 691 1092 762 καί
1119 695 1191 758 τών

149 801 304 868 σίππέων
331 799 456 889 μοῖράν
483 826 560 870 τινα
582 802 714 887 πέμψας
740 796 786 879 ώς
812 797 917 868 αῦτδν
939 796 1037 886 ἠξίου
1058 802 1193 866 τελείαν
1314 887 1315 890 ¹

176 903 420 988 ἀποδείξασθαι
450 905 513 994 τὴν
544 911 757 995 προθυμίαν,
789 903 869 986 τοῦς
900 903 945 993 μὴ
976 905 1195 991 δυνηθέντας
1314 891 1315 912 ’

176 1017 224 1092 είς
249 1009 291 1080 τὰ
317 1019 407 1100 τείχη
434 1017 504 1082 τών
530 1017 727 1100 Φιδηναίων
754 1012 978 1100 καταφεύγειν
1001 1008 1074 1080 ἀλλ’
1100 1012 1194 1079 ἐσκε-

177 1121 366 1207 δασμένους
397 1117 463 1188 ἀνδι
496 1117 558 1206 τὴν
571 1117 702 1208 ’χώραν
734 1117 882 1206 συχνοὺς
914 1116 1015 1198 ὄντας
1043 1115 1195 1186 κελεύων

136 1227 157 1292 3
177 1223 445 1312 διερευνώμενον
468 1223 687 1296 ἀποκτείνειν.
731 1223 885 1305 κάκεῖνος
908 1221 954 1304 ώς
972 1223 1121 1312 θάτερον
1141 1213 1194 1290 τόν

137 1358 163 1398 ιο
176 1329 295 1418 ἤλπισε
336 1334 624 1420 διαπεπραγμένος
668 1333 724 1400 καὶ
767 1329 919 1419 λεληθὼς
958 1328 1019 1400 τὸν
1059 1329 1194 1398 Τύλλον

177 1439 290 1526 ἔχαιρέ
318 1463 353 1507 τε
384 1439 440 1506 καί
471 1440 567 1527 μέχρι
604 1443 732 1510 πολλοῦ
768 1437 989 1508 καθιππεύων
1020 1439 1060 1506 τὰ
1091 1439 1195 1504 πεδία

175 1543 254 1624 τοὺς
284 1546 646 1634 καταλαμβανομένους
679 1549 892 1636 διέφθειρεν,
924 1543 990 1632 ἤδη
1023 1543 1061 1612 δὲ
1093 1547 1194 1612 δεδυ-

175 1649 272 1730 κότος
294 1648 393 1738 ἡλίου
415 1650 494 1734 τοῦς
516 1654 634 1734 ίππέας
655 1645 736 1740 ἧκεν
759 1650 853 1739 ἀγων
875 1652 927 1720 ἐπὶ
949 1649 988 1721 τό
1012 1647 1193 1736 στρατόπε-

177 1760 241 1826 δον
256 1756 295 1826 τό
309 1755 495 1845 Ῥωμαικὸν
514 1761 550 1827 έκ
572 1761 634 1828 τοῦ
653 1761 805 1846 διωγμοῦ
822 1759 878 1828 καὶ
896 1755 959 1844 τὴν
978 1757 1193 1824 ἐπελθοῦσαν

136 1838 159 1902 4
176 1863 281 1932 νύκτα
304 1867 342 1934 ἐν
365 1863 562 1947 εὐπαθείαις
584 1865 653 1953 ἅμα
670 1879 741 1946 τοῖς
759 1867 903 1950 ἑταίροις
919 1857 974 1952 ἦν.
1009 1861 1085 1933 ὁδε
1107 1861 1192 1930 Τύλ-

137 1925 163 1965 16

176 1979 235 2050 λος
264 1973 301 2043 ἐν
328 1976 374 2065 τῷ
404 1971 620 2042 Οὐιεντανῶν
650 1972 771 2060 χάρακι
797 1976 915 2059 μείνας
946 1969 1023 2058 ἀχρι
1053 1967 1251 2056 πρώτης488

177 2083 330 2167 φυλακῆς
360 2081 416 2149 καί
446 2079 526 2162 τοὺς
557 2079 843 2168 ἐπιφανεστάτους
872 2083 942 2148 τών
970 2074 1192 2166 αἰχμαλώτων

177 2183 374 2274 ἀνακρίνας,
401 2191 491 2266 τίνες
518 2179 605 2274 ἦσαν
635 2189 671 2255 οί
693 2191 753 2274 τῆς
779 2184 992 2265 ἀποστάσεως
1018 2181 1192 2271 ἡγεμόνες,

178 2289 223 2372 ῦς
251 2297 356 2381 ἐμαθε
382 2293 438 2360 καὶ
465 2291 527 2362 τὸν
546 2291 711 2379 Ἀλβανδυ
736 2294 884 2362 Μέττιον
915 2293 1125 2379 Φουφέττιον
1153 2292 1191 2358 ἐν

134 2413 247 2479 εοτοίς
275 2401 566 2488 συνομοσαμένοις
592 2397 800 2487 ὑπάρχοντα,
832 2397 933 2480 δόξας
960 2395 1122 2487 συνᾴδειν
1149 2393 1191 2464 τὰ

176 2506 371 2594 πραχθέντα
388 2503 445 2574 ὑπ’
462 2503 567 2574 αὐτοῦ
585 2519 656 2586 τοῖς
668 2505 896 2594 μηνυομένοις
907 2501 974 2573 ὑπὸ
993 2506 1061 2572 τών
1075 2507 1192 2590 αίχμα-

175 2609 294 2679 λώτων
324 2609 451 2698 ἀναβὰς
478 2613 532 2680 ἐπὶ
563 2609 624 2680 τὸν
652 2614 756 2681 ἵππον
783 2613 839 2680 καὶ
866 2609 945 2692 τοῦς
972 2608 1192 2690 πιστοτάτους

176 2721 245 2786 τών
273 2718 416 2804 ἑταίρων
442 2716 647 2807 παραλαβών
674 2715 758 2806 πρὸς
784 2717 847 2806 τὴν
872 2717 975 2788 πόλιν
997 2715 1191 2804 ἀφιππεύει·

139 2824 234 2894 ὁκαὶ
256 2821 322 2911 πρὸ
345 2825 458 2910 μέσων
480 2827 614 2892 νυκτῦν
633 2825 669 2892 ἐκ
686 2826 755 2892 τών
775 2827 891 2893 οίκιών
912 2820 992 2903 τοῦς
1009 2819 1193 2910 βουλευτάς

138 2951 164 2992 25
179 2931 384 3018 συγκαλέσας
410 2929 473 3018 τήν
500 2957 535 2998 τε
562 2933 749 3018 προδοσίαν
779 2927 894 3009 αύτοίς
920 2931 1009 3016 λέγει
1040 2927 1102 3016 τὴν
1130 2931 1193 3002 τοῦ

175 3035 340 3124 Ἀλβανοῦ
368 3036 539 3125 μάρτυρας
568 3035 646 3118 τούς
677 3036 909 3124 αἰχμαλώτους
939 3033 1194 3124 παρασχόμενος

178 3146 234 3213 καὶ
254 3140 295 3213 ὃν
312 3143 441 3233 τρόπον
456 3139 556 3223 αὐτὸς
569 3141 853 3231 κατεστρατήγησε
870 3142 950 3224 τούς
964 3168 999 3212 τε
1012 3145 1193 3229 πολεμίους

253 3334 337 3409 1έφ’
359 3335 450 3394 έαυτῦ
469 3353 492 3394 ο.
513 3336 602 3393 Cobet
620 3336 686 3393 obs.
726 3344 786 3403 .6'I
854 3313 880 3394 x2
905 3334 1001 3394 *ἀλλὰ
1021 3334 1194 3394 ἐταινεῖνΟ
1294 3310 1315 3346 ι’

181 3416 214 3467 15
235 3407 341 3480 ἑτέροις
363 3410 408 3466 Ba
433 3393 439 3414 ‘
472 3413 505 3464 18
524 3409 599 3472 τίνες
616 3427 684 3464 ποτε
703 3354 776 3481 {cuv
794 3411 898 3468 Reiske
967 3417 1000 3469 19
1019 3407 1195 3479 φουφέττιον

180 3498 235 3537 om,
254 3481 277 3534 B
331 3487 365 3536 23
383 3480 440 3536 τόν
459 3475 564 3551 ἑτέρων
582 3481 625 3538 Ba
679 3485 713 3540 27
732 3477 798 3545 τούς
811 3500 842 3537 τε
856 3483 995 3553 κρυφίους
1009 3499 1038 3536 π.
1052 3497 1076 3538 ο.
1090 3479 1195 3536 Reiske
