2670 3984
621 183 787 236 -Α..

199 342 405 433 ὀργιάζουσι,
423 339 530 410 καὶτὸ
545 339 784 429 μυθευόμενον
798 338 1008 425 Παλλάδιον,
1023 337 1042 407 ὅ
1056 358 1142 426 φασι
1154 337 1215 419 τὰς

197 448 287 538 ίερδις
310 447 492 537 φυλάττειν
515 448 710 536 παρθένους
737 448 774 514 έν
797 450 868 538 ναῷ
896 451 1052 534 κείμενον
1070 443 1214 532 Ἑστίας,

197 560 284 624 ἔνθα
310 556 366 623 ναὶ
398 554 435 624 τὸ
459 553 636 622 ἀθάνατον
660 552 854 634 διασώζεται
877 557 957 642 πῦρ·
989 549 1074 641 ὑπὲρ
1103 543 1152 620 ών
1176 554 1214 621 έν

196 659 324 753 ὑστέρφ
348 660 547 748 λεχθήσεται
570 658 668 750 λόγφ.
714 668 765 746 εἴη
790 658 821 726 δ’
848 655 891 727 ἂν
918 659 975 728 καὶ
996 657 1087 747 παρὰ
1109 663 1216 728 ταῦτα

168 782 267 847 οτοῑς
294 766 451 854 βεβήλοις
478 763 559 854 ήμίν
587 764 696 852 ἄδηλα
719 767 822 853 ἕτερα.
868 767 923 834 καὶ
950 767 1026 854 περὶ
1054 766 1117 853 μὲν
1145 769 1215 834 τῶν

202 879 361 963 Τρωικῶν
385 877 486 962 ίερών
509 876 656 942 τοσαῦτα
678 871 838 962 είρήσδω.

287 1001 386 1067 LXX.
419 996 598 1066 Ἀσκανίου
631 995 669 1064 δέ
700 994 812 1088 όγδόφ
844 997 900 1064 καὶ
931 1001 1116 1090 τριακοστῷ
1150 1003 1216 1066 έτει

197 1109 256 1192 τής
278 1107 449 1191 βασιλείας
471 1102 732 1190 τελευτήσαντος
753 1103 921 1190 παρέλαβε
943 1101 1006 1190 τὴν
1029 1101 1215 1192 ἡγεμονίαν

200 1209 362 1289 Σιλούιος
394 1207 542 1296 άδελφὸς
574 1204 622 1276 τόν
647 1206 840 1294 Ἀσκανίου,
873 1208 953 1296 μετά
984 1208 1044 1278 τὸν
1073 1215 1216 1280 Αἰνείου

159 1339 186 1377 10
200 1316 355 1385 θάνατον
387 1315 569 1403 γενόμενος
601 1317 636 1383 έκ
668 1314 807 1394 Λαύνας
837 1319 895 1401 τής
925 1321 1076 1385 Λατίνου
1107 1325 1216 1404 θυγα·

199 1421 293 1510 τρός,
320 1420 362 1490 όν
390 1440 495 1508 φασιν
523 1423 560 1490 έν
587 1435 658 1501 τοῖς
685 1419 802 1516 ὄρεσιν
825 1419 890 1490 ὑπὸ
915 1425 984 1491 τών
1006 1425 1142 1511 νομέων
1166 1427 1215 1494 έιι-

157 1531 378 1616 2τραφήναι.
414 1532 475 1596 τοῦ
489 1526 742 1616 γάρ’Λσκανίου
760 1530 1014 1619 παραλαβόντος
1035 1528 1099 1617 τήν
1121 1537 1217 1618 βασι·

200 1641 296 1705 λείαν
323 1632 478 1721 περιδεὴς
505 1631 526 1720 ή
550 1637 671 1702 Λαῦνα
697 1637 861 1722 γενομένη
889 1634 935 1722 μή
957 1663 989 1704 τι
1017 1635 1134 1716 δεινὸν
1157 1635 1214 1707 ὑπ’
1322 1653 1323 1658 ’

201 1739 306 1810 αὐτοῦ
333 1739 429 1828 πάθη
457 1738 540 1808 κατὰ
566 1739 604 1808 τὸ
633 1744 693 1827 τῆς
719 1745 881 1830 μητρυιᾶς
908 1739 1031 1830 ὄνομα,
1061 1743 1219 1832 ἐγκύμων

135 1876 187 1916 -ιο
202 1839 287 1916 οὖσα
329 1851 472 1916 δίδωσιν
514 1845 637 1934 ἑαυτήν
678 1851 840 1940 Τυρρηνῷ
881 1875 949 1916 τινι
991 1856 1275 1938 συοφορβίωνινο
1323 1941 1324 1944 ¹

201 1956 378 2044 ἐπιμελητῇ
407 1957 606 2040 βασιλικῶν,
634 1949 676 2021 ὃν
703 1951 778 2042 ήδει
802 1959 935 2046 Λατίνφ
963 1955 1152 2042 γενόμενον
1180 1960 1221 2028 έν

201 2076 271 2141 τοῖς
293 2061 437 2148 μάλιστα
458 2059 684 2151 προσήγορον.
715 2057 781 2128 ὁδ’
798 2065 846 2140 είς
867 2058 950 2141 ὕλας
973 2061 1119 2148 ἐρήμους
1137 2063 1221 2151 άγα-

201 2165 272 2254 γών
301 2164 406 2253 αὐτὴν
436 2162 480 2243 ὡς
507 2168 575 2232 τών
600 2169 829 2252 ἐπιτυχουσῶν
851 2193 942 2254 τινα,
966 2168 1223 2256 φυλαττόμενος
1324 2237 1325 2262 ,

201 2271 355 2360 όφθήναι
377 2285 449 2351 τοῖς
471 2269 601 2338 είδόσιν
617 2275 755 2359 ἔτρεφεν
779 2273 816 2340 έν
840 2276 879 2362 τῇ
902 2272 992 2362 νάπη
1014 2279 1221 2346 αατασιιευά-
1324 2289 1325 2352 ξ

161 2406 189 2445 ω
203 2397 263 2457 σας
301 2386 433 2464 οἴκησιν
471 2374 512 2444 οὐ
547 2384 685 2456 πολλοῖς
716 2377 889 2466 γνώριμον
921 2381 977 2448 ιιαὶ
1008 2379 1046 2449 τὸ
1078 2387 1221 2454 παιδίον
1324 2365 1325 2384 ἶ

201 2483 388 2570 γενόμενον
416 2480 607 2570 ἀναιρεῖταί
630 2509 666 2551 τε
688 2485 744 2552 καὶ
766 2487 881 2572 τρέφει
904 2485 1070 2555 Σιλούιον
1094 2487 1222 2578 ὀνομά-

203 2609 263 2669 σας
289 2587 355 2657 άπδ
383 2593 442 2676 τής
467 2587 566 2677 ὕλης,
595 2587 705 2679 ὥσπερ
736 2586 779 2658 διν
803 2599 837 2658 εί
855 2617 905 2672 τις
922 2588 1060 2660 Ἐλλάδι
1083 2595 1222 2688 γλώσσῃ

162 2698 326 2778 3λέξειεν
354 2692 497 2764 Ὑλαῖον.
543 2696 670 2784 χρόνον
703 2697 740 2764 δὲ
780 2697 960 2785 προϊόντος
1002 2697 1047 2780 ὡς
1089 2702 1222 2792 πολλήν

203 2800 338 2888 ζήτησιν
362 2806 449 2888 ἔγνω
471 2805 530 2888 τής
552 2801 712 2889 γυναικὸς
735 2800 800 2871 ὑπὸ
820 2807 888 2873 τών
903 2810 1062 2875 Λατίνων
1085 2812 1224 2897 γινομέ-

163 2927 189 2968 25
202 2934 269 2994 νην
297 2908 353 2976 καὶ
382 2905 426 2974 δι’
453 2911 561 2988 αίτίας
588 2905 670 2976 όυτα
692 2907 782 2994 παρὰ
803 2911 849 3000 τῷ
877 2909 1001 2998 πλήδει
1023 2910 1084 2981 τὸν
1105 2912 1224 2984 Ἀσκά-

276 3155 529 3242 1μεμυβευμένον
553 3156 575 3210 Ο
600 3173 670 3213 corr.
693 3155 835 3229 Kiessling
906 3165 923 3212 3
948 3154 1066 3226 σώζεται
1088 3161 1112 3216 Β
1189 3170 1224 3222 14

203 3293 289 3369 κατά]
309 3247 423 3352 namt&
445 3299 481 3385 Bt
546 3303 578 3352 15
602 3293 744 3368 τυράννωι
762 3299 839 3354 ΑΒο,
866 3296 992 3370 συρρηνά
1012 3301 1059 3356 Bb
1085 3305 1089 3372 Ι
1115 3321 1226 3376 συφορ-

204 3369 315 3442 βίωνΒ
404 3375 436 3423 16
460 3389 500 3423 ων
523 3369 568 3423 Ba
654 3375 688 3424 20
716 3371 826 3438 οίιιησιν
849 3361 883 3440 ής
914 3367 946 3426 τὸ
972 3368 1225 3445 έγιιυμονοάμενον

203 3436 405 3508 άποιιυησάσης
424 3435 585 3511 ἀναιρεῖται
605 3439 627 3495 Ο
646 3441 759 3511 praeter
776 3442 799 3495 B
876 3447 909 3496 23
929 3440 1004 3509 λέξει
1022 3444 1068 3498 Ba
1086 3444 1154 3515 λέξη
1175 3447 1224 3502 Bb
