2682 3982
614 159 779 209 ..Γ-

192 324 287 400 ζοντο
311 314 496 405 ἀμφότεροι
518 312 558 383 τά
580 313 665 401 πρὸς
687 312 747 408 τδν
770 313 930 401 πόλεμον,
955 312 997 381 οὐ
1018 313 1126 401 μόνον
1149 315 1212 396 τὰς

193 429 317 504 οίκείας
343 427 603 503 καθοπλίζοντες
631 418 808 508 δυνάμεις,
834 417 1005 512 ἀλλὰκαὶ
1031 419 1091 501 τάς
1117 421 1211 510 παρὰ

191 536 260 602 τῶν
283 528 443 618 ὑπηκόων
467 527 736 615 ἐπικαλούμενοι·
765 525 811 608 ὡς
834 526 872 595 δέ
894 527 1003 596 πάντα
1024 519 1068 614 ῆν
1092 526 1212 610 αὐτοῖς

191 637 332 728 εὐτρεπῆ
364 635 534 725 συνῄεσαν
570 631 673 722 ὁμόσε
708 634 765 702 καὶ
800 634 1210 724 καταστρατοπεδεύονται

150 770 163 811 ε
190 743 434 832 τετταράκοντα
452 745 511 830 τῆς
528 739 656 828 Ῥάμης
675 735 834 820 σταδίους
852 738 1068 828 ἀποσχόντες·
1092 745 1127 810 οί
1143 742 1209 830 μέυ

188 849 345 938 Ἀλβανολ
384 849 461 936 περὶ
505 845 563 927 τάς
602 848 812 934 καλουμένας
852 853 1014 928 Κλοιλίας
1056 848 1210 936 τάφρους

192 957 415 1048 (φυλάττουσι
438 952 502 1043 γάρ
526 959 574 1022 ἔτι
600 951 663 1040 τῆν
685 956 746 1022 τοῦ
769 954 1081 1035 κατασκευάσαντος
1104 953 1210 1036 αὐτάς

190 1063 379 1152 ἐπίκλησιν)
400 1055 559 1149 Ῥωμαῖοι
589 1061 628 1128 δέ
658 1059 774 1147 ὀλίγον
807 1062 972 1150 ἐνδοτέρω
1004 1059 1064 1131 τδν
1097 1065 1208 1150 ἐπιτη-

150 1171 172 1236 2
192 1170 365 1240 δειότατον
388 1173 436 1248 είς
459 1170 717 1255 στρατοπεδείαν
740 1166 845 1238 τόπον
868 1168 1088 1256 ἐκλεξάμενοι.
1135 1171 1208 1238 ἐπεὶ

150 1303 176 1343 10
191 1276 229 1346 δὲ
257 1278 418 1345 συνεῖδον
446 1273 601 1361 ἀλλήλων
629 1271 815 1362 ἀμφότεροι
847 1272 905 1354 τὰς
938 1274 1099 1364 δυνάμεις
1129 1271 1208 1344 οὔτε

189 1383 314 1470 πλῆθει
337 1383 535 1468 λειπομένας
559 1378 635 1449 οὔτε
664 1377 841 1468 ὁπλισμοῖς
868 1378 1011 1462 εὐτελεῖς
1035 1381 1111 1452 οὔτε
1133 1397 1208 1463 ταῖς

190 1489 307 1570 άλλαις
329 1500 555 1577 παρασκευαῖς
583 1485 687 1567 οόσας
709 1485 1039 1576 εὐκαταφρονήτους,
1061 1493 1120 1576 τῆς
1142 1489 1206 1577 μὲν

189 1601 321 1684 ταχείας
348 1597 400 1664 ἐπὶ
428 1592 489 1664 τὸν
516 1591 634 1679 άγοὸνα
662 1591 783 1682 ὁρμῆς,
809 1589 854 1681 ῆν
883 1593 954 1663 κατ’
981 1593 1085 1684 άρχάς
1112 1595 1206 1683 εἶχον
1315 1659 1316 1662 ,

191 1700 236 1783 ὡς
258 1700 342 1790 αὐτῆ
370 1701 484 1793 έφόδφ
512 1699 713 1788 τρεψόμενοι
740 1699 821 1782 τοὺς
842 1707 1038 1790 πολεμίους,
1061 1699 1266 1790 ἀπέστη-414

149 1830 176 1872 ιε
190 1829 267 1878 σαν·
305 1811 457 1894 φυλακῆς
494 1807 531 1876 δὲ
568 1810 698 1898 μάλλον
730 1803 751 1893 ἢ
788 1806 1088 1895 προεπιχειρήσεως
1124 1809 1206 1896 πρό·

189 1942 289 1984 νοιαν
318 1914 510 2002 ἐλάμβανον
537 1910 768 2001 ὑψηλοτέρους
796 1917 982 2002 ἐγείροντες
1003 1913 1082 1996 τοὺς
1104 1916 1206 2004 χάρα-
1315 1947 1316 1974 ι

188 2049 263 2108 κας,
291 2019 395 2111 είσῆει
422 2047 457 2090 τε
486 2018 598 2089 αὐτόν
625 2034 696 2106 τοῖς
723 2020 951 2108 χαριεστάτοις
977 2021 1137 2110 λογισμὸς
1159 2019 1207 2104 ὡς

189 2127 274 2217 <οά>
291 2126 332 2196 τά
354 2127 513 2215 κράτιστα
535 2127 807 2216 βουλευομένοις,
829 2127 886 2196 καὶ
907 2127 1114 2217 κατάμεμψις
1135 2132 1205 2198 τῶν

150 2233 170 2298 3
190 2237 227 2304 ἐν
249 2237 345 2304 τέλει.
391 2235 574 2321 ἑλκομένου
598 2233 635 2302 δέ
653 2237 715 2304 τοῦ
738 2232 866 2323 χρόνον
890 2231 947 2302 διὰ
968 2237 1069 2322 κενῆς
1087 2233 1205 2324 (οὐδὲν

149 2365 177 2406 ιο
190 2339 254 2428 γάρ
279 2339 298 2408 ό
320 2367 352 2409 τι
374 2340 431 2408 καὶ
453 2338 559 2426 λόγου
587 2337 682 2420 άξιον
710 2348 776 2408 εἴτε
802 2343 1028 2427 καταδρομαῖς
1050 2338 1205 2428 ψιλῶνῆ

190 2455 397 2534 συμπλοκαῖς
424 2447 552 2515 ίππέων
582 2449 747 2532 έβλαπτον
776 2443 956 2532 άλλῆλους)
982 2443 1000 2514 ὁ
1023 2450 1085 2515 τοῦ
1107 2451 1204 2516 πολέ-

189 2580 257 2641 μου
285 2553 384 2634 δόξας
413 2561 519 2632 αῖτιος
545 2553 723 2639 γενονέναι
751 2557 911 2632 Κλοίλιος
938 2550 1128 2640 ἀχθόμενος
1151 2555 1205 2622 ἐπὶ

189 2665 228 2749 τῆ
253 2656 408 2750 άπράκτφ
431 2660 584 2749 καθέδρα
601 2659 742 2748 γνάμην
762 2663 857 2747 ἔσχεν
876 2657 1006 2745 ἐξάγειν
1024 2657 1086 2746 τῆν
1106 2679 1204 2748 στρα-

188 2765 265 2835 τιάν
288 2767 344 2834 καὶ
366 2773 609 2856 πρρκαλεῖσδαι
626 2764 705 2845 τοὺς
727 2769 909 2853 πολεμίους
932 2769 980 2845 είς
1001 2764 1123 2853 μάχην,
1144 2764 1204 2835 ἐὰν

260 2932 278 2981 4
297 2927 429 2982 συνίεσαν
447 2927 471 2981 Β
491 2928 496 2996 Ι
517 2921 603 2996 ὁμόσε
623 2927 699 2981 BaR
726 2919 814 2996 ὁμόσε
838 2930 939 2995 χωρεῖν
962 2925 1010 2981 Bb
1083 2931 1204 2980 λκατα·

189 2994 378 3064 σκευάζοντας·
392 2998 468 3052 ΑΒω
531 3004 565 3054 12
584 2994 684 3060 οάσαις
700 2997 747 3052 Ba
811 3001 844 3050 17
863 2991 1058 3066 χαριεστάτοις
1076 2995 1117 3060 εἰς
1136 2993 1204 3060 τούς

188 3065 339 3154 λογισμοδς
358 3068 380 3123 Ο
400 3085 469 3125 corr.
490 3069 613 3155 Sintenig
631 3069 692 3122 Em.
711 3066 820 3152 Qion.I
838 3085 865 3155 ρ.
881 3074 916 3123 80
933 3087 959 3137 χ.
977 3068 1029 3156 τοῦ
1049 3069 1204 3136 συγγενοῦς

187 3141 234 3195 vel
252 3159 303 3209 της
319 3142 484 3209 συγγενείας
497 3143 628 3210 λογισμος
647 3157 670 3195 ο.
684 3139 787 3194 Releke
801 3157 869 3201 τους
881 3156 1082 3209 χαριεστατους
1092 3169 1125 3180 -
1136 3141 1203 3210 βου-

187 3209 359 3281 λευομένους
377 3227 399 3267 α
419 3211 511 3267 Cobet
528 3210 630 3266 Mnem.
649 3210 690 3264 IX
711 3228 739 3280 p.
759 3215 811 3265 319
889 3215 923 3266 18
936 3204 977 3264 ’σά
996 3209 1059 3266 add.
1079 3208 1203 3266 Sintenis

187 3281 206 3337 l.
221 3282 240 3336 1.
258 3287 262 3350 Ι
278 3275 458 3352 κατάμεμψις
480 3283 526 3338 Bb
545 3282 646 3338 Reiske
665 3280 860 3352 καταμέμψεις
878 3281 954 3337 ΒαΙδ
1030 3286 1065 3336 20
1082 3273 1159 3350 *ῆγε
1179 3281 1204 3336 Ο

188 3353 282 3424 Ιιαοαε
309 3353 358 3423 qui
384 3353 471 3408 vertit
499 3354 565 3408 ‘aut
592 3352 818 3409 decursionibus'
847 3347 867 3423 ῆ
889 3371 921 3422 γε
945 3351 992 3408 vel
1016 3354 1073 3408 εἴτε
1100 3352 1203 3422 legisse

187 3424 307 3494 videtur,
325 3414 362 3492 ῆν
379 3423 481 3480 Reiske
549 3429 582 3479 21
602 3419 617 3478 δ
637 3422 670 3480 δὲ
689 3426 739 3480 τοῦ
758 3423 806 3480 Bb
874 3425 1162 3495 παρακαλεῖσθαι
1180 3423 1204 3476 Β
