2670 3984
620 210 786 262 ,A-

193 368 374 459 τριάκοντα
398 369 453 437 καὶ
475 373 702 456 τετρακοσίοις
724 365 933 458 ὑστεροῦσαν
960 369 1029 437 τῶν
1049 367 1209 437 Ἰλιακῶν.

196 473 277 545 ὅδὲ
304 475 428 564 χρόνος
455 467 553 555 οὗτος
582 473 826 563 ἀναμετρηθεὶς
849 489 920 557 ταῖς
939 474 1256 563 Ἐρατοσθένουςῖθθ

196 588 461 672 χρονογραφίαις
486 580 570 651 κατά
597 580 635 650 τὸ
667 585 803 672 πρῶτον
831 588 903 663 ἔτος
934 588 1045 651 πίπτει
1072 586 1131 668 τῆς
1159 583 1209 668 ἑβ-

197 689 304 778 δόμης
328 689 544 780 ὀλυμπιάδος.
582 688 633 759 ὅτι
654 690 694 758 δέ
710 693 797 758 είσιν
816 693 851 758 οί
866 689 1009 770 κανόνες
1026 687 1143 776 ὑγιεῖς,
1161 683 1210 767 οἷς

155 829 169 870 ι
194 796 440 885 Ἐρατοσθένης
470 799 641 888 κέχρηται,
678 797 734 866 καλ
765 799 836 877 πῶς
866 795 909 864 ἀν
941 824 991 878 τις
1022 794 1211 866 ἀπευθύνοι

164 899 165 902 “
196 902 276 984 τοὺς
303 900 477 993 Ῥωμαίων
509 903 656 991 χρόνους
691 901 775 989 πρὸς
805 901 884 984 τοὺς
910 901 1142 990 Ἑλληνικούς,
1174 903 1211 970 έν

159 1016 179 1082 3
200 1011 300 1102 ἕτέρφ
326 1009 516 1097 δεδήλωταί
531 1037 588 1098 μοι
611 1010 711 1102 λόγφ.
753 1009 795 1078 οὑ
813 1008 877 1099 γάρ
900 1008 1019 1097 ἠξίουν
1042 1008 1087 1089 ὡς
1100 1007 1212 1076 Πολύ-

199 1121 273 1202 βιος
310 1114 328 1185 ὁ
362 1122 641 1205 Μεγαλοπολίτης
676 1121 818 1186 τοσοῦτο
857 1115 966 1205 μόνον
1004 1121 1125 1202 εἰπεῖν,
1163 1112 1213 1183 ὅτι

199 1221 282 1291 κατὰ
308 1221 347 1292 τὸ
376 1223 536 1315 δεύτερον
566 1230 638 1305 ἔτος
660 1227 719 1311 τῆς
747 1223 892 1311 ἑβδόμης
922 1221 1129 1311 ὀλυμπιάδος
1152 1219 1214 1308 τὴν

160 1364 186 1402 10
196 1326 328 1416 Ῥάμην
360 1332 510 1399 ἐκτίσθαι
537 1336 716 1419 πείθομαι,
745 1327 820 1400 οὐδ’
850 1331 903 1399 έπλ
934 1333 995 1399 τοῦ
1027 1327 1117 1417 παρά
1146 1341 1216 1407 τοῖς
1308 1397 1309 1400 ,

201 1433 392 1524 ἀρχιερεῦσι
415 1439 572 1526 κειμένου
594 1443 736 1518 πίνακος
763 1435 839 1518 ἑνὸς
861 1439 916 1506 καὶ
940 1435 1051 1525 μόνον
1072 1433 1135 1522 τὴν
1157 1439 1262 1506 πίῑεε

202 1562 277 1612 στιν
296 1541 524 1630 ἀβασάνιστον
547 1553 751 1631 καταλιπεῖν,
771 1542 855 1614 ἀλλά
873 1542 952 1624 τοδς
973 1541 1216 1630 ἐπιλογισμούς,

204 1643 254 1728 οἷς
286 1647 386 1730 αὐτὸς
417 1653 649 1739 προσεθέμην,
682 1657 730 1732 είς
761 1654 865 1740 μέσον
897 1649 1117 1729 ὑπευθύνους
1146 1662 1218 1728 τοῖς

162 1760 426 1842 4βονληθεῖσιν
456 1759 638 1844 ἐσομένους
665 1760 857 1845 ἐξενεγκεῖν.
902 1755 924 1846 ἡ
952 1756 1014 1845 μέν
1039 1748 1101 1825 οὑν
1125 1753 1218 1843 ἀκρί

163 1896 190 1937 15
203 1867 279 1948 βεια
302 1864 339 1931 έν
363 1865 480 1955 έκείνφ
505 1867 666 1951 δηλοῦται
689 1869 734 1957 τῷ
754 1869 856 1956 λόγφ,
879 1863 1078 1952 λεχθήσεται
1101 1861 1139 1929 δὲ
1162 1863 1219 1929 καὶ

205 1967 262 2036 διά
284 1973 386 2057 τῆσδε
408 1974 466 2057 τῆς
488 1977 713 2059 πραγματείας
731 1969 814 2040 αότά
837 1969 1110 2057 τάναγκαιότατα.
1152 1975 1220 2056 ἔχει

206 2075 244 2143 δὲ
272 2075 391 2156 οὑτως·
428 2074 449 2164 ἡ
478 2082 617 2146 Κελτῶν
650 2082 784 2165 ἔφοδος,
814 2076 894 2146 καθ’
920 2074 964 2166 ἢν
996 2075 1017 2166 ἡ
1046 2076 1221 2164 Ῥωμαίων

184 2218 186 2222 ·
204 2182 301 2262 πόλις
320 2181 417 2268 έάλω,
432 2196 662 2270 συμφωνεῖται
677 2182 799 2270 σχεδὸν
817 2182 883 2253 ὑπὸ
901 2184 1039 2252 πάντων
1057 2177 1222 2272 άρχοντος

203 2286 367 2375 Ἀθήνησι
391 2294 595 2374 Πυργίωνος
622 2291 783 2375 γενέσθαι
810 2289 893 2359 κατά
918 2290 956 2359 τὸ
985 2295 1119 2378 πρῶτον
1148 2295 1223 2368 ἔτος

166 2434 193 2474 20
205 2398 266 2480 τῆς
284 2392 408 2480 ὀγδόης
426 2395 482 2462 καὶ
501 2397 721 2482 ἐνενηκοστῆς
735 2395 951 2484 ὀλυμπιάδος.
989 2395 1007 2467 ὁ
1028 2396 1066 2466 δὲ
1083 2394 1148 2485 πρὸ
1162 2399 1223 2481 τῆς

206 2499 423 2586 καταλήψεως
450 2499 573 2589 χρόνος
599 2499 810 2590 ἀναγόμενος
837 2509 884 2584 είς
906 2501 1054 2572 Λεύκιον
1075 2501 1223 2572 Ἰούνιον

207 2610 362 2695 Βροῦτον
399 2607 455 2675 καλ
486 2606 633 2676 Λεύκιον
670 2608 860 2697 Ταρκύνιον
894 2617 1107 2679 Κολλατῖνον
1143 2607 1224 2690 τοὺς

208 2711 362 2802 πράτονς
384 2711 635 2796 ὑπατεύσαντας
658 2718 695 2785 ἐν
713 2713 822 2804 Ῥώμη
846 2714 927 2804 μετά
949 2714 1011 2804 τὴν
1033 2718 1274 2785 κατάλυσιν190

208 2824 278 2888 τεόν
300 2822 467 2906 βασιλέων
495 2828 550 2908 ἔτη
578 2828 794 2910 περιείληφεν
818 2832 923 2892 είκοσι
950 2820 1034 2911 πρὸς
1056 2836 1126 2902 τοῖς
1150 2824 1224 2892 ἕκα-

169 2913 191 2980 5
209 2927 279 2996 τόν.
317 2930 477 3014 δηλοῦται
496 2928 534 2996 δὲ
557 2930 590 3010 έξ
609 2928 722 2998 ἀλλων
740 2956 775 2999 τε
788 2931 923 2998 πολλῶν
942 2929 1084 2998 καὶτῶν
1102 2937 1225 2998 καλου-

169 3002 196 3043 ²⁵
209 3035 322 3122 μένων
355 3038 536 3122 τιμητικῶν
569 3034 832 3124 ὑπομνημάτων,
868 3032 890 3102 ά
928 3037 1115 3122 διαδέχεται
1146 3049 1226 3116 παῖς

283 3274 299 3323 8
324 3267 484 3322 *τοσοῦτον
509 3267 531 3322 Ο
615 3273 646 3321 11
676 3261 836 3337 ἀρχιερεόσι
855 3267 982 3322 Niebuhr
1009 3266 1080 3322 Ηίεῖ.
1105 3283 1174 3320 rom.
1199 3266 1227 3318 Ι*

211 3357 239 3410 p.
259 3344 312 3393 254
335 3333 511 3426 junonia
527 3339 581 3393 AB
654 3344 687 3393 12
706 3343 873 3393 καταλιπεῖν
890 3339 914 3392 Β
932 3335 1084 3393 ἀπολιπεῖν
1103 3339 1128 3391 R
1149 3402 1157 3424 ,
1193 3343 1226 3391 13

212 3409 446 3536 ἓῗιάιῖῗίά
461 3409 722 3550 ’kfflssssabss
764 3416 797 3464 1⁵
820 3411 869 3464 ’‘⁰‘'
892 3411 989 3466 ΜΒ
1067 3414 1099 3462 ¹⁶
1123 3427 1215 3476 vam
