2698 3982
563 261 729 314 -A-
1110 263 1154 327 43

137 411 355 508 ἀλεξητήρια,
383 425 422 510 τή
451 421 513 509 μὲν
542 423 636 512 ἑτέρῳ
662 425 731 492 τῶν
758 419 893 511 ἡμερῶν
921 425 1037 510 μέτρια
1065 427 1153 490 σιτία

137 531 451 614 προσφερομένους,
477 533 519 618 τῇ
548 528 579 596 δ’
605 529 700 619 ἑτέρῳ
729 533 1049 618 διακαρτεροῦντας·
1077 555 1153 616 χρο-

137 639 289 715 νίζοντος
313 633 350 702 δὲ
372 637 435 703 τοῦ
457 637 574 704 δεινοῦ
598 639 835 724 διανείμαντας
857 635 987 706 ἅπαντα
1010 634 1070 706 τὸν
1095 640 1152 724 δή·

138 765 204 826 μον
238 743 313 828 διχή
343 740 489 828 κλήρους
516 757 589 822 ταῖς
618 748 751 830 μοίραις
780 746 966 830 ἐπιβαλεῖν·
998 741 1058 812 τὸν
1089 741 1151 830 μὲν

13 895 14 934 ,
82 843 118 891 72
138 843 184 913 ἐπ’
210 845 315 937 ἐξόδῳ
337 851 396 934 τῆς
418 847 538 936 χεύρας,
560 847 620 918 τὸν
645 847 675 916 δ
692 850 744 918 ἐπὶ
763 854 862 940 μονή,
884 851 939 918 καί
953 847 1179 929 κύν”Ατυοςο

13 943 14 974 ³
137 956 270 1020 παίδων
288 949 348 1021 τὸν
368 951 430 1040 μὲν
447 957 487 1043 τῇ
506 969 718 1042 προσνεῖμαι,
734 953 794 1024 τὸν
810 955 848 1024 δέ
861 959 910 1046 τῇ.
933 955 1100 1044 λαχούσης
1114 955 1151 1024 δὲ
1169 947 1192 1011 4

135 1063 195 1146 τής
217 1057 286 1146 ἅμα
301 1064 403 1153 Λυδῷ
422 1067 542 1149 μοίρας
563 1058 625 1148 τήν
648 1065 709 1129 τοῦ
733 1075 845 1149 μείναι
868 1061 983 1150 τύχην,
1007 1065 1151 1150 ἐκχωρή-

137 1186 193 1233 σαι
216 1163 279 1253 τὴν
303 1167 419 1254 ἑτέραν
443 1165 680 1255 ἀπολαχοῦσαν
703 1172 772 1236 τῶν
791 1167 969 1257 χρημάτων
991 1167 1032 1237 τὰ
1055 1170 1150 1256 μέρη,

137 1268 368 1360 ὁρμισαμένην
394 1272 425 1341 δ’
452 1276 503 1344 ἐπὶ
526 1289 597 1354 τοῖς
611 1275 775 1362 ἑσπερίοις
793 1277 907 1363 μέρεσι
921 1279 979 1362 τής
998 1273 1149 1363 Ἰταλίας,

137 1383 223 1445 ἔνθα
255 1371 299 1466 ήν
323 1378 511 1469 Ὀμβρικοῖς
538 1378 558 1468 ἡ
592 1389 733 1468 οίκησις,
765 1377 871 1450 αὐτοῦ
902 1387 1149 1469 καταμείνασαν
1165 1408 1190 1447 10

136 1484 345 1572 ίδρύσασθαι
376 1486 490 1568 πόλεις
520 1485 578 1568 τὰς
610 1492 658 1556 ἐτι
690 1489 746 1555 καὶ
777 1487 848 1558 κατ’
881 1485 985 1556 αύτδν
1019 1489 1150 1558 ἐκεῖνον

136 1589 248 1671 οὔσας.

225 1699 380 1768 XXVIII.
416 1699 530 1792 Τούτῳ
562 1703 608 1791 τῷ
640 1698 730 1792 λόγῳ
762 1699 907 1781 πολλοὺς
937 1703 993 1769 καὶ
1026 1699 1150 1783 ἄλλους

135 1819 342 1892 συγγραφεῖς
367 1806 442 1894 περὶ
468 1810 530 1876 τού
557 1810 743 1896 Τυρρηνῶν
770 1810 892 1892 γένους
918 1811 1150 1895 χρησαμένους

134 1913 326 1998 ἐπίσταμαι,
349 1911 427 1993 τοὺς
450 1912 511 2000 μὲν
534 1912 617 1983 κατὰ
639 1912 758 2000 ταύτύ,
780 1911 859 1995 τούς
883 1913 920 1982 δέ
942 1918 1148 2001 μεταθέντας
1163 1937 1188 1978 ιε

133 2015 194 2085 τὸν
224 2017 378 2105 οίκισμδν
404 2020 460 2088 καὶ
487 2019 547 2090 τὸν
575 2021 710 2109 χρόνον.
757 2023 871 2104 ἔλεξαν
899 2017 962 2108 γὰρ
992 2021 1033 2107 δή
1061 2047 1150 2102 τινες

130 2120 335 2212 Ἡρακλέους
357 2123 434 2194 υίὸν
458 2124 545 2195 εἶναι
567 2125 627 2196 τὸν
646 2125 825 2215 Τυρρηνὸν
849 2129 882 2210 ἐξ
901 2125 1070 2214 Ὀμφάλης
1091 2131 1150 2214 τῆς

133 2234 251 2317 Λυδῆς
273 2229 477 2318 γενόμενον·
504 2238 625 2302 τούτου
649 2231 681 2301 δ’
707 2233 916 2322 ἀφικόμενον
939 2239 986 2315 είς
1005 2233 1149 2302 Ἰταλίαν

133 2337 288 2422 ἐκβαλεῖν
310 2336 389 2418 τοὺς
402 2339 599 2427 Πελασγούς
622 2342 738 2410 ἐκτῶν
758 2340 890 2410 πόλεων
914 2339 975 2428 ούχ
998 2338 1148 2427 ἁπασῶν,

133 2441 212 2510 ἄλλ’
230 2441 306 2511 ὅσαι
320 2447 427 2532 πέραν
441 2438 529 2533 ήσαν
546 2452 606 2516 τοῦ
625 2451 780 2536 Τεβέριος
793 2451 830 2516 ἐν
848 2453 893 2540 τῷ
908 2453 1030 2539 βορείῳ
1049 2450 1148 2537 μέρει.
1162 2469 1189 2509 2⁰

80 2563 113 2612 73
134 2551 243 2637 ἕτεροι
267 2549 304 2618 δέ
331 2553 487 2639 Τηλέφου
515 2557 619 2621 παῖδα
648 2553 709 2623 τὸν
737 2553 915 2642 Τυρρηνὸν
939 2552 1148 2641 ἀποφαίνου-

133 2676 201 2741 σιν,
221 2657 335 2725 έλθείν
355 2655 394 2724 δὲ
416 2655 496 2743 μετὰ
515 2656 619 2746 <τήν>
643 2666 764 2747 Τροίας
782 2658 909 2728 ἅλωσιν
928 2665 976 2740 είς
994 2658 1148 2728 Ἰταλίαν.

131 2760 271 2841 Ξάνθος
294 2762 331 2830 δὲ
354 2760 501 2844 ὁΛυδὸς
524 2767 674 2852 ίστορίας
696 2769 838 2844 παλαιᾶς
860 2771 891 2833 εί
907 2769 966 2833 καί
984 2793 1035 2846 τις
1048 2764 1149 2846 ἄλλος
1167 2761 1188 2825 2

205 2964 221 3010 3
241 2957 428 3021 διανείμαντα
442 2955 521 3012 Ἄτυν
539 2953 654 3014 ἅπαντα
673 2975 696 3013 ο.
705 2959 907 3014 Valokenarius
924 2959 954 3013 in
964 2959 1066 3014 Herod.
1086 2962 1148 3016 194

131 3025 219 3084 48ιά
248 3023 352 3098 κλήρου
375 3030 441 3098 AB,
467 3030 515 3085 sed
539 3031 604 3100 διχῆ
629 3050 670 3100 γρ.
689 3031 771 3116 Bmg
798 3027 851 3085 δύο
878 3026 998 3099 κλήρους
1027 3031 1149 3086 Sintenis

131 3101 194 3154 Em.
214 3099 295 3156 Dion.
315 3101 327 3156 I
351 3097 615 3171 ῳ.131μύραιςΑ
688 3097 814 3171 ἠέξοδῳ
833 3097 866 3156 έν
888 3101 941 3167 τής
960 3121 983 3169 χ.
1003 3119 1024 3155 ο.
1046 3101 1147 3157 Reiske

133 3188 168 3225 ex
186 3169 329 3226 Herodoto
403 3179 419 3227 6
438 3161 491 3242 μὲν
513 3173 547 3240 τή
572 3179 739 3243 προς-νεῖμαι
760 3168 811 3227 τὸν
834 3170 866 3227 δέ
886 3172 920 3239 τή
940 3171 962 3224 Β
995 3169 1048 3240 μὲν
1066 3189 1147 3239 προς-

132 3249 230 3311 μείναι
247 3235 299 3294 τὸν
318 3240 350 3297 δὲ
369 3238 407 3312 μὴ
426 3243 452 3297 R
524 3250 539 3298 ’λ
558 3238 611 3312 τήν
630 3244 680 3298 τοῦ
700 3243 797 3313 μένειν
811 3244 857 3299 vel
875 3243 925 3297 τού
946 3248 1040 3312 μεῖναι
1060 3239 1148 3312 τύχην

133 3329 156 3367 ο.
185 3311 366 3368 casaubonus
385 3311 438 3383 μὲν
456 3309 605 3384 ἄμείναΟ
679 3311 766 3384 λιτήν
788 3317 813 3369 Α
840 3310 893 3382 τὴν
912 3308 942 3366 δ’
969 3313 991 3366 Β
1012 3313 1016 3380 1
1039 3308 1147 3367 ἀπολα-

132 3383 243 3455 βοῦσαν
261 3399 284 3436 c.
305 3382 427 3438 Sinbenis
440 3384 501 3438 Em.
517 3385 597 3440 Dion.
616 3387 670 3455 Ip.
683 3392 715 3440 13
789 3393 820 3440 11
840 3384 889 3439 καὶ
908 3384 962 3438 del.
978 3383 1067 3439 Cobet
1081 3384 1146 3440 Obs.

131 3473 159 3524 p.
180 3461 214 3508 26
241 3448 305 3508 ἐκεῖ
321 3449 408 3517 οὔσας
431 3453 520 3510 Cobet
541 3456 561 3510 l.
575 3456 593 3510 l.
678 3465 711 3511 14
736 3462 908 3526 συγγραφεῖς
927 3455 1081 3510 Ambrosoh
1102 3451 1147 3510 ἐν·

132 3525 274 3594 γραφήΟ
350 3532 382 3579 19
402 3520 502 3595 ούχλΒ
574 3533 608 3581 20
627 3525 785 3598 τιβέριοςΒ
862 3533 895 3580 22
914 3522 989 3594 *τήν
1008 3527 1105 3580 addidi
