2698 3982
208 211 310 284 32'
632 214 798 268 -Ᾱ-

208 399 242 448 σι
278 382 337 465 τῆς
373 377 493 458 ε’ξόδου
536 376 776 466 στρατεύουσιν
818 377 871 445 ε’πὶ
908 374 988 456 τοὺς
1023 371 1220 464 Ὀμβρικοὺς

206 487 263 554 καὶ
285 485 386 553 πόλιν
409 482 521 553 αὑτῶν
545 481 730 572 εὐδαίμονα
749 484 806 552 καὶ
824 481 972 572 μεγάλην
996 481 1094 572 άφνω
1118 505 1219 570 προσ-

206 591 365 671 πεσόντες
391 593 526 680 αίροῦσι
549 590 733 678 Κρότωνα·
758 590 862 679 ταότη
889 595 1044 684 φρουρίῳ
1071 592 1127 658 καί
1151 594 1219 660 έπι-

205 705 389 786 τειχίσματι
416 698 499 767 κατὰ
526 701 595 767 τῶν
618 696 804 786 Ὀμβρικῶν
833 697 1014 786 χρεόμενοι,
1045 717 1220 767 κατεσκευ-

177 808 335 895 5ασμένη
358 833 394 874 τε
422 802 467 885 ῶς
495 810 601 893 ἔρυμα
628 803 715 873 εἶναι
742 807 890 892 πολέμου
914 802 1137 892 ἀποχρώντως
1163 805 1220 872 καὶ

205 911 320 1000 χῶραν
343 910 465 1000 έχοόση
488 909 550 998 τὴν
572 913 666 998 πέριξ
688 909 846 998 εὔβοτον,
868 915 1004 1017 πρλλῶν
1026 911 1082 978 καί
1105 909 1219 979 άλλων

203 1017 392 1104 ἐκράτησαν
421 1023 555 1106 χωρίων
584 1032 654 1097 τοῖς
682 1045 718 1086 τε
737 1015 920 1106 Ἀβοριγῖσι
946 1016 1007 1086 τὸν
1028 1016 1112 1104 πρὸς
1139 1017 1219 1098 τοὺς

205 1121 370 1204 Σικελοὺς
404 1123 552 1213 πόλεμον
589 1129 637 1192 ἔτι
674 1129 864 1193 συνεστῶτα
900 1129 1005 1214 πολλῇ
1042 1131 1220 1213 προθυμίᾳ

205 1231 451 1316 συνδιέφερον,
483 1231 544 1308 ἕως
566 1229 729 1316 ἐξήλασαν
753 1229 875 1310 αὐτοὺς
903 1232 939 1299 ἐκ
967 1233 1026 1318 τῆς
1048 1233 1218 1319 σφετέρας.

163 1321 262 1406 ὅκαὶ
284 1335 397 1416 πόλεις
419 1333 558 1422 πολλάς,
587 1334 646 1416 τάς
668 1335 730 1424 μέν
754 1339 953 1424 οἰκουμένας
973 1338 1030 1404 καί
1051 1337 1218 1426 πρότερον
1239 1365 1276 1414 54

164 1411 271 1514 10ὑπὸ
302 1447 371 1512 τῶν
403 1446 576 1528 Σικελῶν,
607 1441 666 1522 τόις
701 1441 738 1510 δ’
773 1441 869 1512 αὐτοὶ
900 1442 1218 1530 κατασκευάσαντες,

204 1550 319 1643 ᾤκουν
343 1552 378 1618 οί
399 1550 569 1635 Πελασγοὶ
591 1552 689 1638 κοινῇ
712 1547 883 1635 μετὰτῶν
904 1547 1140 1638 Ἀβοριγίνων,
1166 1542 1217 1618 ῶν

204 1658 296 1725 ἐστιν
319 1653 341 1742 ἥ
361 1681 396 1724 τε
410 1659 634 1742 Καιρητανῶν
657 1655 764 1743 πόλις,
776 1655 925 1743 ’Ἄγυλλα
945 1655 983 1724 δὲ
1000 1656 1073 1726 τότε
1095 1665 1217 1725 καλου-

205 1764 305 1850 μένη,
333 1763 389 1829 καὶ
409 1767 504 1829 ’Πίσα
531 1763 586 1830 καὶ
609 1769 782 1851 Σατορνία
809 1761 1017 1832 καλ”Αλσιον
1040 1765 1095 1831 καὶ
1118 1761 1217 1832 άλλαι

164 1887 191 1929 1⁵
204 1868 305 1954 τινές,
327 1863 368 1948 ἃς
390 1865 455 1935 άνδι
478 1869 606 1957 χρόνον
628 1867 693 1938 ὑπὸ
721 1873 906 1958 Τυρρηνῶν
929 1868 1161 1959 ἀφῃρέθησαν.

293 1976 379 2042 XXI.
413 1979 580 2064 Φαλέριον
605 1977 642 2046 δὲ
673 1979 728 2045 καί
759 1979 969 2046 Φασκέννιον
997 1981 1046 2046 ἔτι
1077 1979 1133 2044 καλ
1169 1982 1218 2058 είς
1302 2042 1332 2074 ·‹

138 2103 146 2118 ’
203 2081 260 2168 ἐμὲ
284 2073 371 2168 ἦσαν
402 2081 596 2168 οίκοόμευαι
623 2079 688 2150 ὑπὸ
714 2080 901 2170 Ῥωμαίων,
924 2081 1014 2170 μίκρ’
1040 2081 1121 2152 άττα
1145 2088 1217 2152 δια-

203 2185 369 2268 σῶζουσαι
397 2186 531 2276 ζῶπυρα
557 2191 619 2255 τοῦ
655 2193 868 2273 Πελασγικοῦ
899 2191 1039 2275 γένους,
1063 2195 1216 2259 Σικελῶν

201 2291 414 2378 ὑπάρχουσαι
449 2293 623 2379 πρότερον.
682 2297 719 2362 έν
755 2295 891 2377 ταύταις
927 2299 1072 2384 διέμεινε
1108 2295 1216 2366 πολλὰ

161 2419 190 2459 2⁰
202 2401 272 2466 τῶν
302 2396 452 2486 ἀρχαίων
485 2399 731 2488 διαιτημάτων,
764 2396 814 2482 οἷς
843 2401 880 2470 τὸ
906 2399 1105 2490 Ἑλληνικόν
1134 2403 1213 2472 ποτ’

200 2502 374 2590 ἐχρήσατο,
398 2505 450 2572 ἐπὶ
473 2505 633 2592 μήκιστον
656 2507 794 2594 χρόνον,
817 2504 892 2576 οἷον
916 2506 986 2578 ὅτε
1008 2515 1077 2578 τῶν
1101 2508 1215 2602 ὅπλων
1331 2569 1332 2610 ,

200 2614 270 2678 τῶν
302 2616 571 2698 πολεμιστηρίων
602 2612 746 2700 κόσμος,
778 2612 916 2696 άσπίδες
939 2613 1128 2704 Ἀργολικαὶ
1159 2619 1215 2686 καὶ

202 2716 340 2804 δόρατα,
363 2717 419 2783 καὶ
441 2713 541 2785 ὁπότε
563 2721 712 2806 πολέμου
734 2717 893 2807 άρχοντες
915 2716 936 2808 ἢ
958 2720 1037 2802 τοὺς
1060 2723 1216 2804 έπιόντας

200 2819 411 2910 ἀμυνόμενοι
434 2822 577 2910 στρατόν
599 2822 781 2913 ὑπερόριον
800 2825 1035 2896 ἀποστέλλοιεν
1059 2833 1148 2918 λεροί
1166 2857 1214 2899 τι·

159 2948 186 2989 εε
200 2955 257 3008 νες
283 2926 406 3016 άνδρες
432 2927 577 2998 άνοπλοι
603 2930 667 3019 πρὸ
697 2936 765 3001 τῶν
793 2931 905 3001 άλλων
933 2934 1042 3015 ίόντες
1069 2941 1214 3024 σπονδο-

272 3130 286 3178 1
308 3118 410 3188 ἐξόδου
435 3124 457 3177 Β
495 3120 627 3192 διεξόδου
651 3127 676 3180 R
747 3133 763 3182 3
787 3128 916 3198 αἴρουσιν
938 3131 964 3182 Α
1006 3131 1117 3200 αίρουσι
1140 3133 1211 3203 Ba!

199 3189 289 3266 ταότη
309 3192 341 3248 δὲ
370 3211 392 3248 ο.
416 3195 520 3250 Reiske
605 3195 750 3259 ότέωςΒ
837 3205 870 3253 11
894 3194 945 3262 τόις
967 3195 993 3255 δ’
1018 3203 1041 3256 Β
1067 3197 1118 3264 τάς
1137 3201 1169 3258 δὲ
1188 3205 1214 3258 R

236 3271 270 3320 13
289 3265 516 3334 καιριτανῶνΒΙ
542 3262 684 3322 άτυλλαΔ
706 3263 838 3324 άτυλαΒ
894 3275 927 3326 17
946 3264 1066 3326 άτταιΒ
1122 3280 1154 3328 19
1175 3271 1211 3344 δὴ
1331 3279 1332 3308 ί

199 3335 324 3405 διένειμε
347 3331 436 3390 πολλά
460 3337 516 3390 τῶν
539 3332 695 3406 άργολικῶν
718 3356 741 3394 ο.
760 3340 862 3396 Reiske
939 3348 971 3396 21
997 3339 1099 3412 χρόνον
1130 3344 1213 3400 Gras-

197 3407 299 3476 bergbr
322 3405 399 3462 Ἕθεε.
426 3405 541 3478 Herbip.
566 3427 594 3479 p.
620 3417 654 3465 22
735 3417 770 3465 24
792 3406 946 3481 ὑπερόριον
968 3411 1111 3484 Κίεεείίιις
1138 3411 1212 3486 ὑπὲρ

197 3477 255 3531 τῶν
275 3471 350 3546 ὅρων
369 3476 392 3533 Ο
411 3472 484 3548 ὑπὲρ
504 3475 571 3543 τοὺς
589 3474 673 3551 ὅρους
690 3481 791 3537 Reiske
