2660 3986
173 227 237 296 368
596 261 630 272 -
669 233 762 285 Γ-

173 397 234 458 λον
257 388 275 458 ὁ
300 387 456 476 βασιλεὺς
479 391 710 478 ἐστράτευσεν·
731 382 775 477 ήν
794 393 832 457 δέ
850 387 987 475 κάκείυη
1005 393 1068 458 τοῦ
1086 395 1188 457 Λατί-

173 523 244 566 νων
281 501 406 577 ἔθνους
437 495 458 584 ἡ
495 496 598 590 πόλις.
659 495 863 583 λεηλατήσας
900 495 938 564 δὲ
973 494 1036 582 τήν
1068 495 1241 584 χάρανῠεσ

173 601 286 672 αὐτῶν
322 607 406 672 κατὰ
448 601 577 690 πολλὴν
618 601 736 672 άδειαν
780 601 922 683 οὐδενὸς
961 599 1044 690 ὑπὲρ
1084 599 1189 689 αὐτῆς

174 706 392 798 ἀμυνομένου
419 708 503 796 πρὸς
529 709 637 797 αὐτήν
659 709 873 795 στρατεύεται
899 706 963 795 τήν
984 708 1083 777 πόλιν
1105 734 1187 796 προ-

148 817 381 903 σκαλούμενος
402 815 481 896 τοὺς
504 815 632 905 ἄνδρας
659 821 707 897 είς
735 821 866 903 φιλίαν·
899 813 940 884 οὐ
968 817 1189 902 βουλομένων
1316 838 1318 849 ·

175 923 213 991 δέ
241 920 355 992 αὐτῶν
386 927 434 1004 είς
461 920 643 1010 διαλλαγάς
670 923 799 1009 ἐλθεῖν,
831 919 917 990 άλλδι
946 921 1002 990 καί
1030 924 1093 990 τοῦ
1124 925 1188 989 τεί-

175 1055 256 1116 χους
281 1032 322 1118 νή
352 1029 526 1118 ἐχυρότητι
556 1028 771 1098 πεποιθότων
803 1029 859 1097 καί
891 1033 1078 1116 συμμαχίας
1109 1035 1189 1096 πολ-

175 1134 323 1222 λαχόθεν
346 1133 439 1222 ἥξειν
463 1136 644 1224 οἰομένων,
667 1136 743 1223 περὶ
765 1134 875 1204 πάντα
899 1133 959 1203 τὸν
982 1135 1108 1202 κύκλον
1130 1138 1190 1220 τῆς

137 1239 304 1322 ὅπόλεως
329 1240 393 1328 τήν
421 1244 568 1330 δύναμιν
598 1241 798 1330 περιστήσας
827 1241 1038 1329 ἐτειχομάχει.
1090 1243 1126 1308 οί
1151 1239 1191 1310 δέ

136 1363 162 1404 1⁰
176 1348 427 1432 Κορνικολανοὶ
449 1347 560 1418 πολὺν
583 1348 644 1435 μὲν
669 1348 795 1437 χρόνον
819 1347 1002 1435 [άντείχον]
1025 1345 1190 1435 ἀνδρείως
1314 1372 1318 1383 ’

176 1451 428 1542 ἀπομαχόμενοι
456 1455 538 1541 [καὶ]
562 1455 686 1536 πολλὰς
713 1469 784 1535 τοῖς
808 1457 1039 1542 προσβαλοῦσι
1061 1451 1190 1540 πληγὰς

176 1564 321 1648 ἔδωκαν,
349 1559 534 1649 κάμνοντες
566 1562 604 1630 δέ
634 1565 674 1651 τή
707 1567 861 1651 συνεχείᾳ
891 1564 961 1630 τῶν
987 1559 1103 1628 πόνων
1133 1560 1189 1628 καὶ
1315 1583 1319 1595 ·

176 1665 257 1736 οὐδὲ
287 1667 350 1755 τήν
388 1665 493 1756 αὐτήν
530 1672 578 1737 ἐτι
613 1667 754 1756 γνώμην
786 1665 929 1748 ἅπαντες
965 1665 1191 1754 φυλάττοντες

178 1774 262 1864 (τοῖς
284 1774 346 1861 μὲν
368 1773 433 1862 γάρ
457 1773 566 1844 ἐδόκει
588 1773 816 1865 παραδιδόναι
838 1772 902 1860 τήν
924 1773 1035 1859 πόλιν,
1058 1785 1128 1853 τοῖς
1152 1771 1191 1840 δὲ

137 1903 163 1945 ιο
178 1881 273 1968 μέχρι
290 1879 416 1962 παντὸς
435 1877 601 1972 άντέχειν)
621 1878 666 1950 δι’
683 1877 765 1950 αὐτὸ
783 1879 821 1949 τὸ
840 1879 1028 1962 στασιάζειν
1047 1881 1190 1966 μάλιστα
1319 1922 1323 1941 .

137 1984 466 2075 6καταπονοάμενοι
497 1989 580 2058 κατὰ
612 1987 733 2075 κράτος
765 1986 927 2056 ἑάλωσαν.
971 1985 1010 2055 τὸ
1038 1985 1099 2073 μὲν
1126 1979 1190 2055 οὖν

175 2091 355 2178 κράτιστον
383 2091 496 2164 αὐτῶν
522 2095 624 2183 μέρος
650 2097 688 2163 ἐν
715 2097 756 2184 τῇ
778 2092 961 2181 καταλήψει
982 2097 1041 2180 τῆς
1062 2091 1192 2172 πόλεως

177 2197 369 2287 μαχόμενον
398 2201 584 2290 διεφθάρη,
613 2200 652 2270 τὸ
684 2200 722 2269 δὲ
751 2198 890 2288 άγεννές
917 2201 973 2269 καὶ
1004 2198 1061 2268 διὰ
1089 2203 1190 2268 τοῦτο

179 2304 294 2374 σωθὲν
322 2309 359 2375 ἐν
387 2303 614 2392 ἀνδραπόδων
642 2306 773 2396 ἐπράθη
807 2306 896 2400 λόγφ
924 2306 1079 2394 γυναιξὶν
1102 2303 1190 2394 ὁμοῦ

139 2427 166 2467 ²⁰
178 2412 235 2480 καί
252 2413 392 2498 τέκνοις,
414 2410 436 2500 ή
456 2411 494 2482 δέ
515 2415 612 2494 πόλις
630 2411 744 2483 αὐτῶν
768 2417 1016 2502 διαρπασθεῖσα
1036 2409 1103 2481 ὑπὸ
1121 2416 1191 2480 τῶν

139 2517 427 2604 ’λκεκρατηκότων
455 2519 656 2608 ἐνεπρήσθη.
701 2517 755 2608 ἐφ’
784 2513 835 2600 οἷς
864 2523 900 2588 οί
925 2525 1067 2588 Λατῖνοι
1094 2525 1247 2606 χαλε-549

177 2626 246 2703 πῶς
277 2625 439 2712 φέροντες
470 2628 678 2713 ἐψηφίσαντο
711 2631 809 2716 κοινή
842 2624 1001 2716 στρατιάν
1034 2628 1087 2695 ἐπὶ
1114 2623 1191 2694 Ῥω·

179 2735 299 2818 μαίους
326 2732 499 2819 ἐξαγαγεῖν
530 2734 588 2802 καί
612 2733 948 2822 παρασκευασάμενοι
974 2731 1103 2822 πολλὴν
1131 2731 1190 2800 δό-

178 2863 281 2924 ναμιν
308 2841 357 2918 είς
385 2836 449 2926 τήν
475 2845 655 2928 κρατίστην
678 2840 791 2928 χάραν
814 2837 928 2910 αὐτῶν
951 2841 1128 2926 ἐνέβαλον,
1157 2841 1190 2920 ἐξ

138 2965 165 3007 ιε
178 2934 219 3030 ἧς
241 2942 473 3032 αίχμαλιότους
494 2972 530 3014 τε
551 2944 697 3027 πολλοὺς
720 2944 895 3034 άπήγαγον
924 2947 981 3015 καὶ
1009 2951 1100 3026 λείας
1122 2947 1190 3031 ἐγέ-
1322 2969 1324 3010 ι

179 3075 280 3120 νοντο
300 3050 445 3139 μεγάλης
461 3051 583 3142 κύριοι.
623 3050 781 3139 βασιλεὺς
804 3051 842 3120 δὲ
865 3051 1053 3142 Ταρκύνιος
1070 3054 1191 3140 ἐξῆλθε

179 3206 734 3354 ..ι.καλαίσυστάντι
755 3207 943 3353 κελαι
964 3212 1192 3353 {Q

181 3360 214 3408 10
242 3349 439 3422 κορνικολάυοι
466 3355 539 3424 AB!
559 3349 675 3424 άνεῖχον
701 3355 724 3408 Α
752 3370 806 3410 om.
835 3354 858 3408 B
945 3359 978 3410 11
1006 3354 1056 3409 καί
1083 3371 1138 3410 om.
1167 3357 1192 3410 A
1319 3374 1321 3391 ¹

181 3430 213 3478 12
234 3420 345 3478 ἔδωκαν
363 3425 389 3480 R
408 3422 511 3480 ἔδοσαν
529 3426 552 3480 Β
628 3431 662 3480 16
681 3421 755 3480 κατά
777 3420 880 3494 κράτος
902 3443 957 3483 om.
976 3424 999 3479 Β
1076 3431 1109 3480 21
1131 3421 1193 3482 ἐνε-

179 3487 516 3564 πρίοθηΑΙέφ’ήςΑ
587 3495 831 3554 25τεΒοοι.Β
