2670 3984
146 213 211 280 180
565 242 599 251 -
636 211 729 266 B'-

900 289 914 322 K

143 373 228 443 ἄλλα
255 377 407 444 τοιαῦτα·
440 369 515 442 οὐθ’
540 367 584 440 ἂν
612 375 683 440 ίθοι
709 397 760 451 τις
785 369 864 458 παρ’
890 370 1018 460 αὐτοῖς,
1047 378 1157 443 καίτοι

145 477 407 567 διεφθαρμένων
438 476 504 568 ήδη
537 482 605 547 τῶν
638 480 746 563 ἐθῶν,
775 475 816 546 ού
842 477 1085 567 θεοφορήσεις,
1114 477 1156 548 ού

142 584 472 675 κορυβαντιασμούς,
510 583 571 654 ούκ
606 582 794 672 ἀγυρμούς,
832 582 874 653 ού
909 590 1065 674 βακχείας
1099 587 1155 654 καὶ

142 691 273 774 τελετάς
301 691 529 781 ἀπορρήτους,
561 689 603 760 ού
635 688 947 778 διαπαννυχισμοὺς
982 694 1020 760 ἐν
1052 694 1157 780 ίεροῖς

116 799 280 890 εᾶνθρῶν
313 798 377 869 σὺν
409 801 581 886 γυναιξίν,
614 795 675 866 οὐκ
707 795 790 866 άλλο
816 802 885 868 τῶν
912 803 1154 886 παραπλησίων

142 908 273 988 τούτοις
303 905 556 996 τερατευμάτων
589 901 707 990 οὐδέν,
734 901 808 972 ἀλλ’
839 902 988 991 εὐλαβῶς
1019 902 1210 974 άπαντανῖο

142 1012 351 1102 πραττόμενά
374 1014 488 1082 τεκαὶ
517 1009 746 1100 λεγόμενατά
767 1014 844 1100 περὶ
866 1011 945 1094 τοὺς
966 1011 1087 1098 θεούς,
1110 1008 1155 1092 ῶς

102 1120 219 1190 θούτε
241 1117 320 1207 παρ’
337 1117 498 1206 Ἕλλησιν
522 1117 599 1188 ούτε
621 1116 711 1206 παρὰ
729 1117 927 1208 βαρβάροις·
949 1119 1006 1186 καὶ
1029 1113 1047 1186 ὃ
1070 1117 1154 1186 πάν-

141 1253 209 1296 των
233 1225 375 1314 μάλιστα
398 1230 501 1312 ἐγωγε
523 1223 734 1312 τεθαύμακα,
761 1229 879 1314 καίτερ
907 1229 1039 1313 μυρίων
1062 1221 1153 1292 ὅσων

102 1363 128 1402 ιο
142 1339 190 1414 είς
211 1332 273 1420 τήν
296 1332 397 1402 πόλιν
420 1331 638 1420 ἐληλυθότων
661 1333 793 1418 ἐθνῶν,
821 1327 872 1412 οἷς
893 1330 1000 1418 πολλή
1023 1329 1152 1418 ἀνάγκη

142 1442 253 1526 σέβειν
284 1437 363 1518 τούς
392 1444 554 1527 πατρίους
584 1436 688 1518 θεοὺς
719 1451 790 1518 τοῖς
818 1446 956 1508 οἴκοθεν
985 1443 1154 1525 νομίμοις,

142 1543 283 1626 οὐθενὸς
305 1551 353 1625 είς
376 1548 476 1632 ζήλον
499 1543 645 1631 ἐλήλυθε
671 1547 740 1612 τῶν
768 1547 908 1626 ξενικῶν
936 1543 1153 1630 ἐπιτηδευμά-

139 1679 208 1728 τεον
232 1651 252 1738 ή
275 1650 372 1731 πόλις
395 1655 551 1741 δημοσίᾳ,
574 1647 593 1719 ὃ
616 1657 755 1730 πολλαῖς
777 1649 843 1736 ήδη
867 1653 993 1737 συνέβη
1016 1659 1153 1740 παθεῖν,

140 1757 225 1828 ἀλλὰ
251 1759 307 1827 καὶ
334 1767 369 1828 εί
390 1786 468 1828 τινα
499 1756 581 1827 κατὰ
608 1755 778 1846 χρησμοὺς
805 1756 1039 1843 ἐπεισηγάγετο
1067 1755 1152 1844 ίερά,

101 1892 126 1934 15
140 1881 210 1946 τοῖς
238 1866 357 1951 ἑαυτῆς
389 1863 473 1933 αὐτὰ
504 1867 583 1954 τιμᾷ
614 1868 770 1951 νομίμοις
801 1860 934 1930 ἅπασαν
965 1864 1153 1948 ἐκβαλοῦσα

139 1977 318 2060 τερθρείαν
342 1971 509 2059 μυθικήν,
536 1967 647 2056 ῶσπερ
676 1967 716 2038 τά
738 1972 798 2055 τής
817 1966 940 2048 Ἰδαίας
962 1971 1046 2048 θεᾶς
1069 1967 1152 2056 ίερά.

99 2082 264 2158 4θυσίας
286 2077 349 2165 μὲν
376 2075 440 2166 γάρ
468 2074 551 2165 αὐτή
579 2076 635 2144 καὶ
662 2073 796 2161 άγῶνας
822 2072 967 2160 άγουσιν
994 2072 1061 2142 εἰνά
1083 2078 1151 2142 πάν

140 2190 213 2266 ἔτος
231 2189 267 2253 ολ
283 2183 462 2270 στρατηγοὶ
479 2179 562 2250 κατὰ
579 2179 659 2260 τούς
672 2177 844 2268 Ῥωμαίων
865 2179 1004 2268 νόμους,
1023 2183 1153 2268 ἱερᾶται

140 2292 177 2360 δὲ
200 2289 302 2377 αύτής
324 2287 411 2376 ἀνὴρ
433 2285 525 2376 Φρύξ
547 2289 603 2354 καλ
625 2283 713 2372 γυνή
739 2291 871 2374 Φρυγία
893 2287 949 2354 καὶ
972 2286 1151 2375 περιάγον·

98 2426 125 2466 ει
139 2416 195 2464 σιν
227 2394 293 2463 ἀνά
322 2393 384 2483 τήν
415 2393 517 2464 πόλιν
554 2387 649 2462 οὗτοι
680 2397 1005 2482 μητραγυρτοῦντες,
1034 2392 1203 2482 ῶσπερειο

138 2501 252 2581 αύτοῖς
275 2505 366 2587 ἐθος,
387 2500 515 2580 τύπους
535 2526 571 2569 τε
592 2504 819 2588 περικείμενοι
841 2514 911 2580 τοῖς
934 2500 1076 2587 στήθεσι
1093 2501 1150 2568 καὶ

137 2607 403 2694 καταυλούμενοι
429 2605 514 2694 πρὸς
539 2595 608 2674 τῶν
636 2606 808 2694 ἑπομένων
834 2605 875 2675 τά
903 2611 1039 2698 μητρῷα
1066 2609 1150 2695 μέλη

98 2719 119 2784 5
136 2717 193 2784 καὶ
214 2713 371 2802 τύμπανα
388 2716 599 2802 κροτοῦντες·
617 2711 791 2800 Ῥωμαίων
810 2712 848 2782 θέ
865 2717 933 2782 τῶν
953 2709 1149 2800 αὐθιγενῶν

138 2821 215 2891 ούτε
238 2824 479 2909 μητραγυρτῶν
501 2846 552 2901 τις
576 2819 653 2890 ούτε
675 2819 946 2907 καταυλούμενος
972 2819 1149 2910 πορεύεται

97 2957 123 3000 ιο
138 2926 194 2996 διά
216 2931 275 3015 τής
296 2926 424 3008 πόλεως
445 2933 605 3014 ποικίλην
624 2923 812 3006 ἐνθεθυκῶς
839 2923 962 3013 στολήν
987 2925 1064 2995 ούτε
1092 2924 1148 3012 ὀρ·

136 3035 241 3122 γιάζει
262 3031 324 3121 τήν
342 3031 427 3116 θεὸν
449 3047 520 3115 τοῖς
541 3039 703 3120 Φρυγίοις
722 3031 918 3120 ὀργιασμοῖς
935 3030 1019 3102 κατὰ
1037 3031 1146 3120 νόμον

207 3271 224 3322 2
241 3267 299 3322 τῶν
317 3263 397 3322 ἐθῶν
414 3261 509 3335 ήὸηΑ
563 3272 579 3320 3
598 3260 838 3335 κορυβαντιομούς
850 3264 876 3318 Α
894 3249 1148 3334 κορυβιανῶσμούς

134 3333 379 3422 ΒΙάγυρμοήιςΒ
406 3333 548 3425 άγερμούς
565 3337 591 3391 Β,
667 3330 840 3392 6*άλλάο
920 3341 954 3389 10
974 3330 1052 3389 ἐθῶν
1071 3335 1148 3420 Ap}

137 3414 170 3464 15
189 3403 349 3491 ἐκβαλουσα
368 3409 391 3463 Β
410 3403 628 3479 ἐκβαλλονοαΒ
704 3411 737 3462 19
756 3403 855 3468 αύτοῐς
880 3405 982 3476 (Omg)
1000 3405 1046 3460 vel
1072 3425 1145 3477 αντη

136 3479 280 3536 c.Re1ske
351 3485 387 3536 2⁶
406 3474 548 3550 ὀργιάζειν
566 3478 599 3549 Ο,
618 3494 686 3533 corr.
705 3477 861 3533 Ambrosch
