2682 3982
565 238 730 288 ..Γ-

141 397 309 483 δοκοῦμεν
330 391 472 482 ῦμειυον
495 389 590 482 ῦμῦν
613 393 786 486 πράττειν)
809 394 996 466 παύσαιντο
1021 396 1059 466 δέ
1084 403 1155 466 Ρω-

141 516 235 589 μαῖοι
259 499 304 570 δι’
325 499 472 585 ῦποφίας
495 506 627 590 ἔχοντες
645 499 829 589 Ἀλβανούς
852 499 898 584 ὥς
920 503 1155 590 ἐπιβουλεύον-

140 635 199 690 τας
232 607 288 678 ἀεί
316 628 414 697 σφισι
445 609 500 678 καλ
532 607 779 697 φυλαττόμενοι
810 609 965 697 καθάπερ
998 611 1155 700 ἐχθρούς·

143 713 184 784 ού
206 714 272 802 γὰρ
295 711 339 784 ἀν
361 718 495 803 γένοιτο
513 720 657 804 βεβαίως
675 723 773 804 φίλος
795 721 840 810 τῷ
860 721 1016 805 μισοῦντι
1035 716 1156 798 ούδείς.

141 825 211 903 πῶς
240 814 303 892 οὖν
331 822 507 910 γενήσεται
533 821 663 892 τούτων
692 822 865 912 έκύτερον;
893 821 956 892 οῦκ
987 822 1047 894 έάν
1075 823 1183 918 γραῦ,

141 943 259 1016 φωμεν
288 925 372 998 αύτά
399 930 436 997 ἐν
468 941 541 1010 ταῖς
569 927 763 1017 ὁμολογίαις
790 926 866 998 οὐδ’
892 928 952 999 ἐὰν
979 929 1156 1018 ὀμόσωμεν

142 1033 328 1123 ἀμφότεροι
350 1037 429 1105 καθ’
455 1039 571 1125 λέρῦν,
599 1036 729 1124 (μικραὶ
756 1035 822 1124 γάρ
849 1027 952 1105 αῦταί
974 1065 1013 1124 γε
1035 1041 1074 1106 αλ
1093 1063 1157 1125 φυ-

142 1143 240 1210 λακαὶ
263 1144 320 1212 καὶ
342 1140 513 1230 ἀσθενείς)
536 1137 609 1210 ἀλλ’
636 1141 695 1211 ἐὰν
723 1141 840 1222 κοινὰς
867 1141 1073 1232 ἡγησώμεθα
1099 1141 1158 1224 τάς

142 1247 299 1337 ἀλλήλων
326 1248 436 1336 τύχας.
485 1251 524 1318 ἓν
550 1248 615 1336 γάρ
648 1250 718 1320 ἐστι
748 1249 872 1337 μόνον,
905 1243 932 1320 ὦ
962 1251 1158 1338 Φουφέττιε,

143 1355 249 1444 λύπης
272 1357 491 1445 ἀνθρωπίνης
513 1353 563 1425 ἐπ’
589 1352 778 1446 ἀλλοτρίοις
804 1355 950 1445 ἀγαθοῖς
977 1359 1158 1444 γινομένης
1172 1381 1198 1421 ιο

144 1461 240 1549 ἄκος,
266 1461 304 1531 τὸ
333 1464 452 1550 μηκέτι
478 1460 558 1543 τοῦς
589 1465 808 1549 φθονοῦντας
835 1460 995 1551 ἀλλότρια
1020 1461 1062 1532 τά
1088 1467 1157 1533 τῶν

145 1572 397 1657 φθονουμένων
424 1566 539 1656 ἀγαθά
566 1565 733 1656 ἡγεῖσθαι.
783 1573 841 1638 ἵνα
869 1567 912 1656 δὴ
938 1573 1038 1640 τοῦτο
1061 1569 1198 1657 γένη-6

144 1702 209 1762 ται,
228 1674 412 1763 Ῥωμαίους
429 1673 492 1762 μὲν
515 1671 608 1762 οἶμαι
628 1679 701 1743 δεῖν
723 1679 772 1755 είς
789 1673 827 1744 τὸ
846 1673 964 1744 κοινὸν
985 1673 1160 1763 Ἀλβανοίς

144 1793 259 1852 θεῖναι
285 1781 396 1852 πάντα
423 1781 488 1851 ὅσα
513 1809 549 1852 τε
576 1786 641 1850 νῦν
669 1787 784 1869 έχουσι
810 1781 867 1850 καὶ
894 1775 997 1863 αῦθις
1024 1784 1159 1866 ἕξουσιν

144 1887 270 1977 ἀγαθά,
289 1886 473 1976 ’Λλβανοῦς
496 1888 534 1957 δὲ
556 1887 733 1976 ἀγαπητῶς
754 1885 795 1957 τά
814 1887 977 1976 διδόμενα
1001 1892 1160 1978 δέχεσθαι
1174 1905 1200 1948 1⁶

90 1997 206 2065 43οκαλ
237 1997 398 2084 γενέσθαι
429 1994 573 2082 μάλιστα
603 1995 709 2082 (μὲν)
725 1992 891 2076 ,ἅπαντας
926 1993 1027 2083 ὑμᾶς,
1060 2001 1092 2066 εί
1122 1996 1160 2066 δὲ

146 2103 191 2191 μη
223 2130 262 2190 γε
293 2101 372 2184 τοῦς
407 2109 585 2184 πλείστους
620 2128 656 2171 τε
690 2103 747 2171 καὶ
783 2101 942 2192 ἀρίστους
975 2101 1073 2191 ύμῦν
1101 2107 1161 2192 τῆς

141 2208 315 2298 Ῥωμαίων
337 2208 466 2290 πόλεως
485 2209 669 2298 οἰκήτορας.
711 2208 752 2279 ού
770 2207 834 2298 γάρ
854 2209 896 2298 δὴ
915 2215 1080 2297 Σαβίνοις
1098 2209 1161 2298 μὲν

146 2317 203 2384 καὶ
238 2323 426 2406 Τυρρηνοῖς
457 2319 566 2396 καλῶς
603 2314 691 2404 εἶχεν
728 2318 900 2386 ἐκλιποῦσι
935 2315 995 2398 τὰς
1031 2319 1161 2387 ἑαυτῶν

147 2422 260 2504 πόλεις
282 2425 491 2510 μεταθέσθαι
513 2421 592 2504 τοῦς
617 2428 716 2509 βίους
738 2420 784 2502 ἀς
805 2421 906 2511 ἡμᾶς,
928 2422 1010 2512 ύμίν
1035 2424 1073 2493 δὲ
1095 2423 1162 2513 ἀρα
1175 2449 1202 2490 εο

147 2540 228 2626 τοῖς
250 2529 525 2618 συγγενεστάτοις
556 2528 594 2599 τὸ
631 2527 713 2598 αύτδ
749 2534 849 2600 τοῦτο
881 2530 1067 2619 γενόμενον
1100 2529 1162 2619 ούχ

148 2740 312 2832 ἡμετέραν
335 2741 484 2832 μεγάλην
507 2770 543 2813 τε
567 2735 674 2812 οὖσαν
697 2742 763 2831 ἤδη
786 2745 842 2812 καὶ
865 2748 914 2813 ἔτι
936 2747 1066 2832 μᾶλλον
1090 2747 1162 2813 ἐσο-

148 2851 272 2936 μένην,
301 2847 385 2917 ἀλλά
413 2849 661 2937 φιλοχωρήσετε
691 2862 763 2930 τοῖς
792 2849 960 2942 πατρῴοις
987 2851 1162 2937 ἐφεστίοις,

149 2954 257 3024 ε’κεϊνό
281 2957 322 3042 γέ
341 2981 394 3024 τοι
417 2955 589 3043 ποιήσατε·
621 2955 866 3045 βουλευτήριον
893 2958 931 3022 δν
957 2953 1162 3042 ἀποδείξατε,
1177 2981 1203 3022 τε

148 3057 168 3130 δ
196 3059 237 3129 τά
265 3064 484 3152 συμφέροντα
515 3060 599 3149 ὑπὲρ
631 3065 787 3149 ἑκατέρας
817 3061 994 3148 βουλεύσει
1025 3062 1163 3150 πόλεως,

221 3298 239 3347 4
259 3293 380 3366 βεβαίως
398 3293 421 3347 Β
440 3291 555 3366 βέβαιος
568 3295 593 3347 R
609 3294 613 3363 Ι
629 3288 796 3348 ἀπιστοῦντι
814 3291 990 3347 0.Bi10heler
1044 3298 1059 3347 9
1074 3289 1163 3363 μόνον

149 3364 250 3420 om.A
332 3369 364 3417 11
384 3359 420 3418 τὰ
439 3366 538 3421 om.A
621 3361 766 3432 1312sz
789 3364 889 3424 om.,R
970 3369 1003 3418 16
1023 3361 1076 3433 μὲν
1099 3363 1164 3421 add.

149 3434 288 3502 Meineke,
307 3434 396 3490 Cobet
414 3434 479 3491 Obs.
499 3454 527 3506 p,
546 3441 581 3490 60
653 3441 687 3492 22
707 3435 819 3506 signum
841 3433 1070 3506 interrogationis
1090 3433 1162 3490 Smit

151 3505 216 3563 Obs.
235 3525 262 3576 p.
282 3511 298 3560 9
316 3506 411 3576 posuit
483 3513 519 3562 24
539 3503 570 3562 έν
588 3512 647 3570 τοῖς
664 3526 693 3563 π.
714 3523 737 3561 ο.
757 3505 913 3576 Stephanus
