2670 3984
551 195 715 248 -B-

64 355 198 420 κελτῶν
226 350 271 439 μη
298 355 513 441 πειθομένων
540 358 585 446 τῷ
614 354 710 447 νόμω
741 363 856 445 ζημίας
886 356 1008 448 ὥρισεν
1036 357 1139 440 ἄλλας

120 485 156 528 τε
179 459 236 526 καὶ
255 465 315 547 τῆς
334 459 451 541 οὐσίας
469 460 582 531 αὐτῶν
601 459 663 550 τὴν
679 461 835 552 ἡμίσειαν
855 463 942 534 εἶναι
962 470 1138 553 δημοσίαν.

123 571 235 635 ἔπειτα
257 565 465 655 καταμαθιὸν
488 565 614 648 πολλάς
636 573 705 638 τῶν
726 568 809 638 κατὰ
831 569 893 657 τὴν
914 569 1058 640 Ἰταλίαν
1078 571 1138 640 πό-
1157 575 1179 640 3

120 681 208 742 λεων
241 679 398 764 πονηρῶς
432 677 734 764 ἐπιτροπευομένας
765 675 831 746 ὑπὸ
860 682 1076 766 τυραννίδων
1103 704 1138 746 τε

121 781 177 848 καὶ
216 779 434 872 ὀλιγαρχιῶν,
471 781 550 864 τούς
586 786 622 852 ἐκ
653 784 784 854 τούτων
816 787 1033 867 ἐκπίπτοντας
1068 789 1136 854 τῶν
1164 813 1178 855 τ

121 886 254 957 πόλεων
279 889 426 976 συχνούς
449 889 561 977 όντας,
585 895 616 959 εί
637 891 747 978 μόνον
771 889 838 960 εἷεν
860 891 1046 982 ἐλεύθεροι,
1066 896 1138 960 δια·
1186 883 1189 890 ⁴

121 1001 249 1083 κρίνων
284 993 361 1065 ούτε
398 995 575 1086 συμφοράς
612 996 690 1068 οὔτε
729 997 831 1086 τύχας
866 996 979 1068 αὐτῶν
1016 996 1137 1068 ὑποδέ-

120 1092 258 1191 χεσθαί
274 1103 330 1171 καὶ
368 1103 524 1191 μετάγειν
562 1102 607 1185 ὡς
644 1101 765 1174 ἑαυτὸν
798 1107 972 1193 ἐπεχείρει,
1008 1105 1071 1194 τήν
1103 1131 1138 1175 τε

115 1208 290 1298 Ῥωμαίων
323 1209 471 1298 δύναμιν
505 1208 646 1298 αὐξῆσαι
678 1213 862 1300 βουληθεὶς
892 1213 948 1281 καὶ
980 1210 1038 1292 τὰς
1069 1216 1137 1282 τῶν

121 1321 302 1405 περιοίκων
344 1319 538 1386 ἐλαττῶσαι·
589 1320 694 1387 ἐποίει
741 1317 778 1388 δέ
818 1323 922 1389 ταῦτα
962 1318 1135 1408 πρόφασιν
1150 1345 1177 1386 ιο

120 1423 266 1515 ἐξευρών
295 1421 440 1513 εὐπρεπῆ
468 1426 525 1494 καὶ
554 1429 602 1506 είς
627 1430 714 1495 θεοῦ
740 1425 841 1514 τιμὴν
869 1424 907 1495 τό
932 1431 1033 1515 ἔργον
1056 1424 1137 1494 άνα-

120 1534 245 1618 φέρων.
280 1529 402 1622 τὸγὰρ
421 1530 544 1619 μεταξύ
563 1538 689 1622 χωρίον
707 1536 768 1601 τού
786 1557 821 1601 τε
840 1538 1057 1601 Καπιτωλίου
1080 1532 1136 1600 καί
1154 1541 1177 1606 4

119 1643 179 1726 τῆς
207 1637 327 1727 άκρας,
356 1635 546 1708 όκαλείται
572 1643 640 1708 νῦν
666 1637 750 1709 κατὰ
781 1637 843 1726 τὴν
861 1635 1035 1726 Ῥωμαίων
1063 1639 1136 1708 διά-

119 1754 237 1815 λεκτον
275 1745 441 1835 μεθόριον
470 1749 576 1826 δυεῖν
615 1749 754 1834 δρυμόν
791 1745 847 1813 καὶ
883 1737 927 1832 ἦν
963 1744 1038 1814 τότε
1074 1749 1136 1814 τού

120 1851 369 1940 συμβεβηκότος
396 1851 591 1940 έπάνυμον,
618 1850 715 1933 ὕλαις
742 1851 949 1940 ἀμφιλαφέσι
977 1849 1048 1921 κατ’
1074 1851 1134 1940 άμ
1150 1877 1176 1919 ιι

1 2043 2 2046 ¹
120 1961 264 2047 φοτέρας
291 1957 349 2040 τάς
377 1959 614 2040 συναπτούσας
645 1973 716 2040 τοῖς
747 1959 867 2046 λόφοις
893 1957 1039 2045 λαγόνας
1068 1960 1136 2027 ἐπί-

121 2085 229 2153 σκιον,
253 2064 346 2156 ἱερὸν
368 2064 461 2148 ἀνείς
480 2065 610 2135 άσυλον
634 2068 755 2146 ἱκέταις
776 2066 833 2134 καὶ
851 2063 937 2134 ναὸν
956 2066 1009 2134 ἐπὶ
1027 2064 1134 2156 τούτῳ

118 2173 451 2261 κατασκευασάμενος
470 2171 551 2266 (ότφ
577 2173 614 2242 δὲ
633 2172 699 2262 άρα
716 2177 809 2242 θεῶν
832 2167 853 2260 ἢ
879 2171 1053 2260 δαιμόνων
1073 2169 1135 2240 ούκ

119 2286 183 2368 ἐχω
212 2278 250 2349 τὸ
279 2280 384 2370 σαφὲς
411 2285 532 2367 εἰπεῖν)
560 2296 631 2362 τοῖς
657 2280 928 2368 καταφεύγουσιν
959 2284 1007 2359 είς
1034 2282 1135 2347 τούτο

64 2385 161 2458 268τὸ
191 2386 285 2476 ἱερὸν
318 2390 441 2469 ἱκέταις
472 2391 533 2458 τού
569 2413 604 2456 τε
637 2387 743 2475 μηδὲν
776 2384 880 2454 κακόν
913 2383 969 2454 ὑπ’
1001 2387 1135 2474 ἐχθράν
1149 2408 1176 2450 το

117 2503 244 2563 παθεῖν
268 2493 431 2582 ἐγγυητὴς
459 2497 587 2581 ἐγίνετο
615 2497 673 2581 τῆς
702 2499 749 2573 είς
776 2491 814 2562 τὸ
842 2501 942 2560 θεῖον
966 2489 1136 2578 εύσεβείας

117 2601 287 2690 προφάσει
315 2603 371 2669 καὶ
401 2605 432 2669 εί
458 2600 641 2689 βούλοιντο
668 2598 746 2689 παρ’
773 2597 862 2693 αύτῷ
895 2600 1010 2686 μένειν
1042 2607 1135 2667 πολι-

118 2699 208 2787 τείας
236 2711 414 2795 μετεδίδου
441 2709 497 2777 καλ
525 2712 586 2796 γῆς
613 2721 752 2796 μοῖραν,
779 2701 824 2793 ἣν
855 2703 1011 2793 κτήσαιτο
1040 2713 1136 2774 πολε·

118 2820 217 2902 μίονς
240 2812 458 2901 ἀφελόμενος.
500 2817 535 2882 οί
556 2813 594 2882 δὲ
618 2815 802 2901 συνέρρεον
826 2814 862 2880 ἐκ
880 2809 1005 2892 παντὸς
1026 2811 1133 2881 τόπον

116 2919 158 2991 τά
183 2926 289 2989 οίκεῐα
312 2919 495 3007 φεύγοντες
518 2917 603 2988 κακὰ
631 2920 687 2987 καὶ
716 2916 825 2988 οὐκέτι
854 2918 992 3006 ἑτέρωσε
1014 2915 1133 2985 άπανί-
1148 2939 1174 2980 εε

117 3048 240 3097 σταντο
273 3041 346 3107 ταῖς
377 3025 457 3095 καθ’
487 3023 617 3115 ἡμέραν
651 3023 796 3114 ὁμιλίαις
826 3026 882 3093 καὶ
909 3023 1044 3114 χάρισιν
1072 3020 1131 3091 ὑπ’

116 3134 223 3204 αὐτοῦ
246 3133 471 3222 κατεχόμενοι.
1139 3141 1143 3148 ’

192 3283 225 3360 1η6
244 3271 504 3346 σνναγαγούσαςΑ
528 3275 705 3358 (Αωὶιτοεολι)
787 3279 822 3330 20
845 3267 935 3328 κακὸν
953 3266 1133 3396 παθῖῑνύί

117 3343 231 3490 ,ἶλῗέεἵν
244 3348 332 3474 εΒεεο
354 3342 688 3488 ἒεῖἕίνὶἷῗιθὲιῗεῖει
715 3351 769 3472 εἶῗ.
790 3343 1133 3485 ’δύ’ίόεῖιῑόῇἶεῗῗίᾞὲ

117 3497 153 3545 24
172 3485 209 3560 ἣν
228 3490 363 3559 κτήσαιτο
381 3491 532 3560 πολεμίους
550 3489 603 3544 AB
