2670 3984
573 250 737 303 -Β..

145 411 214 478 τών
237 409 421 498 παρθένων
439 409 495 477 καλ
518 406 558 477 τά
576 410 651 498 περὶ
674 435 753 491 τους
776 408 905 498 γάμους
928 416 976 492 είς
998 409 1056 493 τάς
1079 418 1160 500 πλη-

146 513 333 603 σιοχώρους
349 513 474 600 πόλεις,
493 518 531 582 αί
546 513 608 601 μέν
628 512 709 583 αύτδ
733 514 771 584 τὸ
789 516 942 606 πραχθέν
955 516 1039 607 πρὸς
1053 515 1161 606 ἀρχὴν

148 621 355 709 ἐλάμβανον,
384 625 422 688 αί
443 619 474 688 δ’
496 619 555 708 ἀφ’
577 612 616 708 ἧς
639 621 791 711 ἐπράχθη
821 625 1007 705 διαθέσεως
1034 625 1090 694 καὶ
1113 628 1162 707 είς

148 723 166 796 δ
189 729 285 808 τέλος
307 727 476 816 ἐχώρησεν
499 726 778 817 ἀναλογιζόμεναι
806 737 946 818 μετρίας
974 729 1056 802 αύτὸ
1087 737 1161 819 ἐφε·

148 861 222 922 ρον,
263 837 447 922 κατέσκηψε
471 832 502 904 δ’
521 827 584 904 οὖν
602 833 669 904 ἀνά
686 836 814 926 χρόνον
833 841 881 918 είς
899 839 1066 926 πολέμους
1083 837 1162 920 τοὺς
1188 866 1202 908 ε

148 941 209 1028 μὲν
229 939 354 1023 ἀλλους
372 939 529 1028 εὐπετεῖς,
549 943 608 1011 ἕνα
628 941 666 1012 δὲ
684 941 744 1012 τὸν
764 941 848 1032 πρὸς
862 949 1035 1031 Σαβίνους
1056 947 1162 1032 μέγαν

147 1049 203 1118 καὶ
231 1047 391 1135 χαλεπόν·
429 1043 479 1129 οἷς
506 1045 609 1116 ἅπασι
637 1050 732 1130 τέλος
759 1049 1034 1138 ἐπηκολούθησεν
1067 1047 1162 1120 εὐτυ·

148 1157 218 1242 χές,
245 1152 356 1243 ὥσπερ
389 1153 479 1248 αύτῷ
507 1154 547 1224 τά
580 1155 793 1244 μαντεύματα
824 1159 1049 1245 προεθέσπισε
1080 1155 1162 1244 πρὶν

149 1263 354 1349 ἐπιχειρῆσαι
377 1266 423 1354 τῷ
448 1266 533 1354 ἔργῳ
556 1261 684 1343 πόνους
703 1262 765 1350 μέν
784 1265 843 1342 Ικαί
861 1263 1046 1345 κινδύνους
1064 1262 1163 1352 μεχά-

95 1376 236 1448 304λους
257 1373 547 1455 προσημαίνοντα,
570 1366 628 1450 τάς
651 1368 689 1436 δέ
710 1367 865 1450 τελευτὰς
888 1369 1000 1440 αύτών
1024 1375 1163 1440 ἔσεσθαι
1178 1400 1204 1440 10

148 1474 259 1555 καλός.
305 1466 393 1562 ἦσαν
418 1473 455 1543 δέ
478 1479 516 1544 αἱ
536 1480 664 1564 πρῶται
687 1475 802 1557 πόλεις
824 1475 967 1566 ἄρξασαι
994 1481 1056 1552 τοῦ
1078 1475 1163 1565 πρὸς
1182 1475 1203 1539 2

149 1579 253 1650 αὐτὸν
281 1583 430 1668 πολέμου
458 1587 612 1669 Καινίνη
638 1583 693 1650 καὶ
711 1580 879 1670 ’Ἄντεμνα
910 1585 966 1652 καὶ
989 1589 1162 1670 Κρουστο-

149 1690 278 1777 μέρεια,
306 1686 478 1775 πρόφασιν
506 1688 568 1775 μὲν
596 1687 797 1775 ποιούμεναι
823 1687 886 1776 τὴν
916 1686 1071 1778 ἁρπαγὴν
1094 1693 1163 1759 τών

148 1796 332 1881 παρθένων
359 1795 415 1862 καὶ
442 1793 480 1864 τὸ
509 1793 554 1882 μὴ
582 1799 699 1880 λαβεῖν
728 1791 812 1882 ύπέρ
839 1792 952 1864 αὐτῶν
982 1799 1091 1882 δίκας,
1119 1793 1164 1875 ἀς

151 1899 188 1968 δέ
210 1898 355 1988 τάληθὲς
378 1899 466 1990 εἶχεν
490 1900 679 1990 ἀχθόμεναι
702 1905 742 1991 τῇ
764 1905 868 1970 κτίσει
892 1902 1003 1970 τεκαὶ
1026 1899 1163 1988 αὐξήσει
1178 1925 1204 1966 15

149 2010 207 2094 τῆς
234 2005 361 2096 Ῥώμης
403 2006 449 2076 δι’
485 2005 603 2094 ὀλίγον
644 2012 750 2096 πολλῇ
792 2009 958 2096 γενομένη
1005 2007 1060 2074 καί
1103 2004 1165 2074 ούκ

111 2166 119 2190 ς
150 2110 304 2195 ἀξιοῦσαι
332 2117 497 2204 περιιδεῖν
525 2112 645 2183 κοινὸν
673 2114 726 2182 ἐπὶ
752 2127 823 2194 τοίς
849 2118 1032 2201 περιοίκοις
1062 2111 1165 2181 ἅπασι

149 2219 254 2288 κακὸν
283 2220 468 2308 φυόμενον.
513 2221 594 2301 τέτος
626 2220 688 2308 μέν
721 2211 784 2288 ούν
816 2218 900 2307 πρὸς
932 2217 971 2289 τό
1002 2214 1205 2306 Σαβίνων3

151 2332 254 2408 ἔθνος
286 2326 551 2397 ἀποστέλλουσαι
582 2329 738 2416 πρέσβεις
770 2329 919 2408 ἐκείνους
951 2323 1071 2414 ἠξίουν
1102 2324 1165 2412 τὴν

150 2431 334 2522 ἡγεμονίαν
366 2438 428 2504 τού
460 2436 609 2522 πολέμου
640 2440 848 2522 παραλαβεῖν
882 2433 980 2521 ίσχύν
1012 2460 1047 2502 τε
1075 2438 1165 2520 μεχί
1180 2453 1207 2494 2⁰

150 2559 234 2628 στην
258 2545 395 2629 ἔχοντας
417 2543 473 2610 καὶ
496 2540 641 2630 χρήμασι
663 2546 794 2608 πλείοσι
816 2542 1029 2627 δυναμένους
1047 2539 1165 2628 ἀρχειν

150 2674 185 2716 τε
207 2647 386 2730 ἀξιοῦντας
407 2651 475 2716 τών
498 2645 741 2735 πλησιοχώρου
765 2647 820 2714 καὶ
839 2643 901 2716 ούκ
923 2645 1079 2734 ἐλάχιστα
1097 2651 1165 2715 τών

150 2751 264 2822 ἀλλων
299 2755 620 2844 περιυβρισμένους·
661 2757 730 2822 τών
767 2751 832 2842 γὰρ
869 2749 1093 2843 ἡρπασμένων
1131 2756 1169 2820 αί

150 2867 287 2942 πλείους
308 2853 396 2949 ἦσαν
420 2862 567 2930 ἐκείνων.

150 3021 281 3078 nensibus
289 3021 334 3092 (T)
342 3018 567 3092 apudValesium
579 3019 612 3076 εί.
624 3037 650 3090 p.
663 3025 748 3089 138‚1
805 3025 821 3074 2
837 3017 870 3073 αί
882 3018 935 3090 μὲν
954 3018 1111 3074 σκοποῦσαι
1120 3017 1166 3072 vel

153 3088 341 3164 ἐννοούμεναι
359 3086 429 3146 αύτό
446 3107 468 3146 ο.
479 3090 582 3146 Roiske
595 3091 598 3163 λ
610 3086 681 3160 πρὸς
695 3085 784 3160 ἀρχὴν
798 3090 849 3144 ΒΤ
869 3085 909 3144 δι’
925 3085 1010 3160 ἀρχῆς
1019 3089 1045 3143 R
1099 3086 1167 3150 θείς

151 3157 284 3227 δτέλονς
301 3163 348 3219 Ba
375 3160 415 3226 εἰς
438 3156 454 3218 δ
478 3160 556 3224 τέλος
573 3161 649 3217 BbT
679 3159 720 3225 είς
742 3159 865 3224 τέλοςΙδ
936 3155 1165 3229 θπρουθέσπισε

150 3235 250 3290 malim
327 3240 360 3289 12
379 3235 494 3303 καινίνη
516 3233 588 3288 ΑΒα
615 3227 720 3302 αενήνη
743 3232 789 3286 Bb
817 3233 920 3300 κανίνη
944 3232 968 3286 Α
995 3231 1096 3298 κησίνη
1115 3228 1138 3282 Τ
1160 3231 1164 3300 Ι

151 3302 279 3376 ἀντέμτα
299 3308 323 3361 A
341 3301 480 3376 ἀντεμναι
498 3305 543 3359 Ba
561 3303 610 3359 καί
628 3299 710 3358 ἄλλαι
728 3303 751 3357 Τ
769 3303 773 3371 Ι
789 3300 993 3372 κρουστομέρια
1011 3295 1058 3356 Ba
1082 3319 1165 3370 κρου-

151 3377 329 3449 οτομερίαΙδ
352 3375 448 3446 steph.
472 3376 537 3446 Βχτ.
565 3393 585 3432 ε.
609 3393 636 3431 v.
664 3375 876 3444 Κρουστομερία
951 3379 983 3429 16
1002 3367 1167 3442 ἀχθόμεναι

151 3447 202 3504 ΒΤ
220 3448 320 3504 om.R
384 3453 418 3502 16
437 3447 524 3518 πολλῇ
544 3445 684 3517 γενομένη
702 3447 770 3501 Ra,
785 3441 956 3515 χινομένηΒ
1019 3449 1053 3499 21
1068 3446 1166 3499 πλεῖον

152 3538 175 3577 υ.
196 3519 365 3590 Stephanus,
385 3518 508 3588 Sylburg
525 3521 655 3572 πλεῖστον
674 3516 763 3572 Cobet
781 3515 846 3571 obs.
866 3533 893 3585 p.
913 3519 947 3570 47
