2698 3982
193 209 237 283 '48
619 218 785 271 -Α-

195 380 368 468 φέστερον,
382 375 547 464 πρότερον
563 374 594 443 δ’
611 374 828 463 ἀκριβοῦντες
844 373 993 462 τοῦνομα
1007 373 1118 466 ὥσπερ
1134 377 1210 446 Ἕλ-

195 495 295 573 ληνες
317 483 511 562 Θυοσκόους
535 482 695 552 ἐκάλουν·
718 481 815 552 αὐτοὶ
838 484 953 570 μέντοι
976 486 1064 568 σφᾶς
1086 482 1209 565 αὐτούς
1228 502 1265 552 80

196 595 341 663 ἐπὶτῶν
367 588 544 678 ἡγεμόνων
571 589 665 669 τινὸς
686 587 847 658 Ῥασέννα
875 588 938 657 τὸν
965 586 1069 672 αὐτὸν
1093 592 1208 682 ἐκείνω

158 699 324 788 4τρόπον
360 696 571 784 ὀνομάζουσι.
621 696 734 776 πόλεις
769 695 806 764 δέ
843 694 976 776 ἀςτινας
1011 695 1139 788 ,άκισαν
1176 700 1213 766 ολ

167 806 390 894 εΤυρρηνοί,
422 806 478 871 καί
505 803 757 889 πολιτευμάτων
784 799 937 883 οῦςτινας
965 801 1209 890 κατεστήσαντο

194 913 358 1001 κόσμους,
387 910 535 997 δύναμίν
562 935 596 977 τε
625 907 754 996 ὁπόσην
778 914 813 978 οί
840 909 1028 997 σύμπαντες
1050 909 1105 976 καὶ
1129 915 1210 996 ἔργα

195 1029 229 1089 εί
252 1045 328 1088 τινα
355 1017 488 1104 μνήμης
513 1014 589 1097 ἀξια
617 1015 852 1103 διεπράξαντο,
879 1015 995 1103 τύχαις
1020 1041 1055 1084 τε
1079 1013 1210 1096 ὁποίαις

159 1126 395 1215 ὔέχρήσαντο,
419 1125 456 1191 ἐν
480 1124 581 1212 ἑτέρω
610 1122 842 1208 δηλωθήσεται
872 1122 971 1213 λόγῳ.
1015 1120 1052 1189 τὸ
1083 1119 1119 1188 δ’
1146 1114 1210 1190 οὖν

195 1227 409 1316 Πελασγικὸν
436 1233 567 1316 φῦλον,
599 1227 683 1297 ὅσον
711 1227 754 1315 μὴ
784 1227 954 1315 διεφθάρη
981 1255 1016 1296 τε
1045 1229 1100 1295 καὶ
1127 1227 1209 1297 κατά

154 1370 181 1410 ιο
194 1336 255 1417 τάς
277 1333 430 1415 ἀποικίας
454 1335 652 1422 διεσπάσθη,
676 1338 820 1421 διέμεινε
845 1334 882 1402 δέ
900 1331 1018 1422 ὀλίγον
1041 1332 1106 1403 ἀπὸ
1129 1343 1208 1403 πολ-

195 1448 269 1530 λοῦ,
294 1443 373 1530 μετὰ
397 1445 467 1510 τῦν
487 1439 706 1529 Ἀβοριγίνων
729 1439 990 1529 πολιτευόμενον
1019 1444 1056 1510 ἐν
1077 1441 1211 1522 τούτοις

194 1549 384 1636 ὑπελείφθη
407 1563 477 1627 τοῖς
499 1553 644 1636 χωρίοις,
668 1546 755 1616 ὅπου
779 1546 843 1616 σῦν
864 1548 975 1639 χρόνῳ
999 1547 1060 1636 τὴν
1078 1545 1210 1636 Ῥύμην

196 1661 231 1726 οί
263 1661 396 1742 ἔκγονοι
429 1652 541 1728 αύτῦν
576 1654 641 1723 σὺν
668 1643 739 1735 τοῖς
765 1653 879 1736 ἀλλοις
907 1657 1113 1724 ἐπολίσαντο.
1153 1657 1210 1724 καὶ

194 1763 235 1832 τά
259 1762 321 1850 μὲν
342 1759 426 1849 ὑπὲρ
450 1765 511 1830 τοῦ
541 1766 754 1848 Πελασγικοῦ
777 1763 897 1848 γένους
926 1762 1210 1850 μυθολογούμενα

156 1900 182 1941 ιι
194 1868 309 1939 τοιάδε
332 1869 409 1936 ἐστι’.

161 2002 195 2096 χ
284 1977 401 2043 XXXI.
435 1973 532 2044 ’Μετδι
556 1975 594 2043 δέ
617 1974 658 2044 ού
680 1975 789 2043 πολύν
818 1974 943 2062 χρόνον
967 1975 1085 2054 στόλος
1108 1973 1210 2054 ἀλλος

189 2080 384 2169 Ἑλληνικὸς
407 2087 455 2160 είς
476 2085 579 2149 ταῦτα
597 2079 637 2148 τά
660 2087 765 2168 χωρία
783 2085 842 2168 τῆς
861 2077 1001 2160 Ἰταλίας
1022 2080 1208 2167 κατάγεται,

196 2191 359 2279 ἑξηκοστῷ
390 2187 533 2274 μάλιστα
566 2190 629 2253 ἔτει
656 2185 820 2274 πρότερον
852 2191 920 2256 τῶν
952 2192 1131 2275 Τρωικῶν,
1164 2185 1209 2268 ὡς

194 2292 292 2362 αὐτοὶ
310 2291 470 2379 Ῥωμαῖοι
493 2293 666 2378 λέγουσιν,
694 2294 730 2360 ἐκ
752 2298 968 2362 Παλλαντίου
991 2293 1119 2373 πόλεως
1137 2292 1208 2381 Ἀρ

154 2429 182 2470 ιο
195 2403 333 2485 καδικῆς
360 2393 513 2477 ἀναστάς.
559 2395 671 2484 ἡγεῖτο
700 2398 738 2467 δὲ
764 2403 823 2485 τῆς
849 2395 1002 2479 ἀποικίας
1030 2398 1208 2488 Εὔανδρος
1228 2430 1262 2479 81

190 2503 317 2593 Ἑρμοῦ
344 2503 525 2591 λεγόμενος
551 2505 606 2572 καὶ
633 2505 768 2592 νύμφης
794 2503 886 2585 τινὸς
909 2504 1064 2593 Ἀρκάσιν
1092 2508 1208 2593 ἐπιχω·

196 2616 289 2698 ρίας,
321 2605 364 2697 ἣν
397 2613 433 2678 ολ
462 2610 524 2697 μὲν
545 2608 706 2696 Ἕλληνες
735 2613 840 2698 Θέμιν
870 2609 956 2680 εἶναι
987 2614 1122 2698 λέγουσι
1152 2614 1208 2680 καὶ

194 2716 412 2804 θεοφόρητον
426 2712 686 2803 ἀποφαίνουσιν,
701 2721 737 2785 ολ
749 2717 786 2785 δὲ
799 2715 857 2797 τάς
865 2714 1048 2805 Ῥωμαϊκὰς
1064 2719 1208 2807 συγγρά-

268 2908 335 2965 1δὲ
354 2911 409 2964 AB
487 2917 502 2964 2
527 2906 674 2974 Θούσκους
707 2930 729 2968 ο.
758 2913 874 2982 Lepsius
902 2913 936 2968 de
964 2913 1091 2984 Pelasgis
1117 2934 1145 2986 p.
1174 2923 1207 2970 11

195 2982 346 3044 3τινεςΒ
380 2985 384 3050 Ι
420 2981 571 3050 Ταρασένα
589 2985 636 3038 vel
656 2982 787 3052 Ταροένα
806 2984 922 3054 Ιιερείιιε
945 3001 973 3054 p.
991 2991 1028 3038 24
1100 2983 1208 3056 λύπη-

195 3052 291 3110 σιινΟ
314 3069 382 3109 corr.
401 3052 502 3108 Portus
579 3060 595 3108 6
620 3051 650 3108 ολ
665 3050 826 3125 σύμπαντες
849 3055 872 3109 0
897 3051 1048 3124 ἐκέκτηντο
1072 3057 1209 3114 excidisse

194 3125 279 3196 putat
300 3123 402 3179 Reiske
427 3121 509 3194 ἔσχον
532 3124 638 3195 Kayser
660 3127 731 3180 Anu.
755 3125 825 3196 phil.
850 3132 918 3182 1863
947 3144 974 3196 p.
998 3132 1015 3180 4
1053 3121 1208 3198 ἐκτήσαντο

195 3196 298 3252 Garrer
316 3193 380 3249 obs.
405 3202 468 3264 p.2
496 3195 638 3250 Meutzner
665 3197 736 3251 Ann.
762 3196 832 3266 phil.
857 3203 926 3252 1877
954 3215 982 3266 p.
1001 3201 1053 3252 821
1083 3197 1152 3254 mihi
1181 3198 1211 3256 ολ

194 3261 357 3335 σύμπαντες
384 3268 545 3334 corruptum
570 3267 682 3322 videtur
764 3274 796 3320 12
820 3271 838 3321 δ
868 3261 1032 3337 ἀπελείφθη
1061 3286 1084 3324 ο.
1106 3271 1208 3327 Reiske

231 3342 264 3390 13
284 3331 388 3406 ἀλλοΐς]
406 3332 545 3408 Ἀλβανοῖς
560 3353 583 3391 ο.
599 3338 738 3409 Kiessling
754 3341 758 3401 Ι
777 3334 993 3394 ἐπολιτεύσαντο
1012 3339 1035 3392 Β
1100 3347 1134 3394 14
1152 3345 1208 3397 Πε·

195 3406 341 3477 λαογικοῦ]
361 3407 519 3477 πελασγιῦν
538 3408 560 3461 Β
620 3415 653 3464 15
672 3408 725 3464 είσι
744 3409 766 3462 Β
829 3416 861 3464 16
880 3405 961 3472 ἀλλος
981 3405 1125 3479 ἕλληνικδς
1145 3409 1208 3468 στό-

194 3481 242 3540 λος
260 3477 288 3539 ΒΙ
354 3483 387 3532 21
406 3474 558 3549 λεγόμενος
580 3480 603 3533 Β
633 3475 786 3550 γενόμενος
804 3481 829 3533 Α
