2670 3984
195 229 257 294 166
614 231 778 285 -Β-

191 391 365 478 ἐκκλησίας
384 393 544 477 συνῆγον.
582 396 651 460 ἔστι
671 391 709 458 δὲ
729 390 805 460 οὔτε
819 389 845 482 ’ἡ
864 395 932 461 τῶν
951 391 1107 480 κηρύκων
1121 389 1209 460 άνά-

190 505 306 583 κλησις
327 501 386 584 τῆς
413 495 583 584 εὐγενείας
605 501 675 567 τῶν
698 505 881 588 πατρικίων
904 499 1100 588 τεκμήριον,
1126 498 1209 568 ούτε

192 600 212 689 ἡ
239 607 299 690 τῆς
325 603 475 692 βυκάνης
503 603 601 692 φωνὴ
631 609 690 692 τῆς
716 603 885 692 ἀγνωσίας
913 610 982 676 τῶν
1013 609 1208 694 δημοτικῶν

192 708 379 798 σύμβολον,
409 709 482 780 ἄλλ’
509 715 618 800 έκείνη
652 712 713 800 μὲν
745 717 855 802 τιμῆς,
888 711 971 801 αὕτη
1005 713 1042 782 δὲ
1073 712 1207 802 τάχους.

149 847 162 888 ε
191 814 232 884 ού
255 816 318 907 γάρ
343 813 454 888 οἷόντε
478 809 521 906 ἦν
541 821 578 888 έν
598 817 700 911 ὀλίγῳ
717 819 829 912 χρόνφ
848 818 910 908 τὴν
928 818 1065 908 πληθύν
1088 828 1206 889 καλεῖν

189 926 222 1006 έξ
247 922 421 1013 ὀνόματος.
623 1009 627 1016 ι

197 1068 199 1072 ’
279 1033 385 1100 VIIII.
411 1029 447 1098 ‘0
466 1031 503 1100 δέ
521 1030 691 1119 Ῥωμύλος
709 1031 824 1120 ἐπειδὴ
844 1035 989 1122 διέκρινε
1006 1029 1085 1114 τούς
1097 1039 1205 1122 κρείτ-

188 1167 268 1220 τους
294 1137 360 1208 άπδ
387 1142 457 1209 τῶν
484 1137 656 1229 ἡττόνων,
685 1141 881 1228 ἐνομοθέτει
908 1138 989 1227 μετὰ
1018 1143 1118 1210 τούτο
1148 1140 1206 1208 καλ

190 1248 368 1335 διέταττεν,
391 1243 413 1314 ά
435 1245 498 1336 χρὴ
522 1246 679 1336 πράττειν
703 1248 894 1337 ἑκατέρους·
916 1244 997 1328 τούς
1018 1245 1080 1334 μὲν
1104 1243 1205 1314 εύπα-
1320 1259 1321 1336 χ

149 1381 176 1422 10
189 1357 305 1442 τρίδας
329 1357 489 1440 ἱερᾶσθαί
507 1381 543 1423 τε
570 1355 627 1423 καλ
649 1352 766 1444 ἄρχειν
794 1355 850 1422 καὶ
874 1353 1019 1437 δικάζειν
1041 1355 1098 1422 καὶ
1122 1351 1201 1441 μεθ’

191 1461 313 1529 ἑαυτοῦ
335 1459 376 1542 τά
399 1459 498 1529 κοινά
520 1461 678 1551 πράττειν
702 1463 756 1530 ἐπὶ
778 1465 848 1530 τῶν
870 1459 954 1530 κατδι
973 1458 1078 1548 <τὴν>
1101 1459 1203 1528 πόλιν
1320 1451 1321 1476 ³

190 1571 299 1655 ἔργων
336 1569 514 1655 μένοντας,
551 1567 630 1649 τοὺς
667 1568 705 1636 δὲ
743 1553 944 1656 δημοτικούς
972 1565 1102 1636 τούτων
1139 1567 1202 1656 μὲν

188 1671 419 1742 ἀπολελύσθαι
454 1677 523 1744 τῶν
560 1679 794 1764 πραγματειῶν
828 1673 986 1763 ἀπείρους
1020 1700 1056 1742 τε
1089 1672 1202 1742 αὐτῶν

189 1778 290 1862 ὄντας
311 1781 368 1850 καλ
391 1779 437 1849 δι’
463 1778 608 1870 άπορίαν
632 1781 812 1870 χρημάτων
831 1780 1011 1869 άσχόλους,
1034 1793 1258 1868 γεωργείνεσε
1320 1797 1321 1872 χ

148 1913 174 1955 ιε
189 1887 226 1956 δὲ
258 1890 314 1958 καλ
346 1903 590 1978 κτηνοτροφεῖν
622 1891 678 1958 καλ
713 1889 772 1969 τάς
804 1885 1071 1978 χρηματοποιοὺς
1107 1885 1202 1975 έργά-

189 2003 304 2079 ζεσθαι
330 1998 463 2084 τέχνας,
496 1999 555 2064 ἵνα
583 1995 628 2084 μὴ
657 1995 893 2081 στασιάζωσιν,
925 1993 1035 2083 ῶσπερ
1064 1997 1102 2062 έν
1130 2008 1203 2074 ταῖς
1320 2053 1321 2096 χ

187 2102 305 2184 άλλαις
322 2103 471 2188 πόλεσιν,
494 2099 516 2190 ἢ
535 2107 603 2172 τῶν
623 2105 660 2172 έν
678 2105 765 2171 τέλει
783 2101 1100 2193 προπηλακιζόντων
1122 2099 1202 2182 τοὺς

187 2207 366 2288 ταπεινούς
393 2204 415 2294 ἢ
445 2212 514 2277 τῶν
543 2208 684 2296 φαύλων
711 2210 767 2277 καλ
794 2207 933 2298 άπόρων
965 2221 1035 2287 τοῖς
1063 2209 1100 2276 ἐν
1130 2223 1202 2288 ταῖς

148 2313 367 2405 λύπεροχαίς
403 2314 641 2402 φθονούντων.
700 2312 983 2404 παρακαταθήκας
1024 2312 1062 2382 δὲ
1099 2317 1214 2383 ἔδωκε.
1320 2349 1321 2410 χ

148 2449 177 2490 εο
191 2435 261 2502 τοῖς
292 2427 478 2511 πατρικίοις
509 2419 588 2502 τούς
607 2421 825 2510 ’δημοτικούς
861 2423 1038 2510 ἐπιτρέψας
1075 2419 1200 2514 ἑκάστω
1320 2435 1321 2446 *

188 2531 257 2597 τῶν
281 2530 317 2596 ἐκ
338 2531 400 2597 τού
423 2525 587 2614 πλήθου,
612 2525 653 2596 δν
672 2526 773 2608 αύτὸς
791 2525 958 2614 ἐβούλετο,
981 2529 1096 2615 νέμειν
1119 2551 1200 2616 προ·
1320 2605 1321 2614 χ

162 2633 335 2740 ᾖστάτηνῖ
361 2640 441 2714 ἔθος
467 2599 665 2721 ’άλληιῶκὸν
701 2636 757 2704 καλ
788 2632 945 2723 ἀρχαῖον,
983 2625 1011 2726 ηδ
1043 2639 1205 2704 Θετταλοί
1320 2627 1321 2688 Ῠ

189 2769 224 2811 τε
252 2743 347 2830 μέχρι
374 2745 503 2810 πολλοῦ
529 2741 697 2831 χρεόμενοι
725 2745 915 2812 διετέλεσαν
943 2743 1000 2810 καὶ
1024 2740 1201 2829 Ἀθηναῖοι
1320 2777 1321 2784 ¹

187 2846 259 2918 κατ’
284 2845 398 2936 ἀρχάς,
422 2849 474 2916 ἐπὶ
501 2848 542 2918 τά
564 2855 702 2938 κρείττω
731 2849 854 2937 λαβῶν.
901 2849 1023 2918 ἐκεῖνοι
1050 2847 1200 2937 μὲνγὰρ
1320 2923 1321 2944 χ

150 2984 176 3024 ει
190 2953 418 3045 ὑπεροπτικῶς
458 2957 603 3044 ἐχρῶντο
644 2971 715 3036 τοῖς
752 2955 907 3036 πελάταις
947 2961 1028 3045 ἔργα
1063 2982 1098 3024 τε
1136 2958 1201 3036 ἐπι·
1320 2983 1321 2996 ’

186 3060 361 3142 τάττοντες
388 3059 429 3130 ού
457 3051 671 3150 προσήκοντα
699 3063 907 3150 ἐλευθέροις,
938 3064 995 3130 καὶ
1023 3060 1124 3132 ὁπότε
1155 3063 1200 3152 μὴ

186 3167 347 3256 πράξειάν
370 3195 402 3238 τι
425 3172 493 3237 τῶν
515 3170 757 3256 κελευομένων,
776 3166 903 3256 πληγὰς
921 3170 1126 3250 ἐντείνοντες
1143 3171 1199 3238 καλ

260 3371 291 3418 11
311 3359 363 3433 τὴν
387 3364 451 3418 εδδ.
476 3363 578 3419 Reiske
670 3371 702 3419 13
725 3361 942 3436 πραγμάτωνΑ
1033 3373 1065 3421 21
1090 3366 1146 3420 τῶν
1166 3361 1199 3422 ἐκ

186 3434 236 3490 τού
256 3431 385 3502 πλήθους
404 3451 457 3490 om.
473 3435 496 3488 B
511 3437 515 3504 λ
532 3441 699 3504 προστατεῖν
717 3437 742 3490 Α
809 3443 845 3492 24
864 3431 926 3492 ἐπεὶ
945 3432 979 3491 τά
995 3438 1016 3490 Β
1033 3439 1036 3506 Ι
1055 3435 1157 3509 έλαβον
1176 3437 1199 3492 Β

186 3500 352 3578 μεταλαβῶν
371 3523 394 3561 ο.
415 3505 572 3576 Stephanus
