2682 3982
201 239 268 305 280
625 243 790 293 -Γ-

162 408 182 473 3
201 399 267 488 ἤδη
291 404 336 494 τῷ
359 403 502 494 πολέμφ.
544 405 601 470 ἵνα
625 400 667 489 δὴ
691 401 735 490 μὴ
759 400 818 482 τάς
840 404 976 484 ψευδεῖς
999 405 1106 482 αἰτίας
1129 401 1216 470 είκά·

202 515 275 595 ζητε
303 508 462 596 περὶτῆς
489 509 569 596 ἐμῆς
598 510 838 597 προαιρέσεως,
867 506 912 578 δι’
938 505 978 589 ῦς
1009 506 1090 590 ἀξιῶ
1117 535 1216 579 κατα-

201 614 372 684 λύσασθαι
402 614 465 686 τὸν
497 615 659 704 πόλεμον,
686 615 850 686 ἀκούσατε
877 613 935 696 τάς
962 613 1114 703 άληθεῖς·
1150 614 1217 702 ἐγὼ

202 721 385 812 στρατηγὸς
408 721 623 810 ἀποδειχθεὶς
647 721 713 792 ῦπὸ
736 727 795 810 τῆς
816 726 978 811 πατρίδος
1001 721 1216 811 αὐτοκράτωρ

161 859 174 900 ε
201 825 270 915 ἅμα
292 832 339 922 τῷ
361 836 569 920 παραλαβεῖν
597 829 659 918 τὴν
687 829 794 918 ἀρχὴν
822 829 989 900 ἐσκόπουν
1016 835 1106 912 τίνες
1125 821 1217 917 ἦσαν

202 938 240 1003 αί
261 935 509 1023 συνταράξασαι
536 935 595 1017 τὰς
621 936 735 1017 πόλεις
762 934 857 1025 ἡμῶν
884 936 1077 1024 προφάσεις.
1123 934 1216 1024 ὁρῶν

202 1042 241 1110 δὲ
264 1041 382 1132 μικράς
403 1044 459 1111 καὶ
483 1043 614 1130 φαύλας
635 1045 691 1112 καλ
720 1042 781 1132 οῦχ
805 1042 922 1124 ίκανδις
946 1047 1069 1113 διελεῖν
1091 1043 1274 1112 τοσαύ-4κκ

201 1175 265 1236 την
293 1153 411 1236 φιλίαν
438 1149 493 1217 καλ
523 1152 722 1236 συγγένειαν
750 1149 792 1220 ού
818 1149 859 1220 τά
881 1150 1041 1239 κράτιστα
1062 1147 1218 1238 ἡγούμην

161 1261 184 1324 4
203 1253 280 1323 οῦτε
295 1253 478 1342 Ἀλβανοῦς
498 1254 574 1324 οῦτε
591 1253 679 1344 ῦμᾶς
700 1257 963 1344 βουλεύσασθαι.
1009 1262 1056 1327 ἐτι
1079 1257 1117 1325 δὲ
1135 1260 1219 1344 μᾶλ-

162 1393 189 1433 10
202 1368 265 1428 λον
296 1365 405 1447 ἔγνων
437 1365 537 1432 τοῦτο
573 1363 630 1430 καλ
661 1363 790 1452 πολλὴν
816 1366 988 1451 κατέγνων
1015 1361 1219 1452 άμφοτέρων

201 1465 298 1556 ἡμῶν
322 1471 459 1554 μανίαν,
483 1466 597 1556 ἐπειδὴ
620 1472 800 1558 παρῆλθον
823 1471 877 1538 ἐπὶ
899 1469 940 1539 τὰ
961 1469 1138 1559 πράγματα
1160 1471 1221 1538 καὶ

201 1587 322 1661 πεῖραν
354 1573 547 1662 ἐλάμβανον
583 1579 642 1664 τῆς
674 1575 816 1645 ἑκάστου
851 1579 1085 1665 προαιρέσεως.
1140 1575 1221 1644 ούτε

202 1680 266 1768 γὰρ
299 1681 336 1748 ἐν
368 1694 439 1760 τοῖς
472 1685 588 1762 ἰδίοις’
606 1679 677 1752 οὔτ’
708 1684 745 1752 ἐν
777 1695 848 1762 τοῖς
878 1697 1008 1762 κοινοῖς
1040 1681 1222 1768 συλλόγοις

203 1785 435 1874 ὁμονοοῦντας
469 1784 555 1876 ῦπδρ
590 1792 652 1858 τοῦ
689 1789 839 1876 πολέμου
875 1787 1002 1868 πάντας
1035 1787 1222 1875 Ἀλβανοῦς

162 1922 189 1964 15
204 1893 335 1982 ἑώρων,
359 1897 474 1985 μακρῷ
499 1895 539 1962 δέ
559 1921 627 1963 τινι
654 1898 723 1964 τῦυ
751 1897 784 1977 ἐξ
807 1892 1031 1990 ἀνθρωπίνου
1054 1899 1221 1981 λογισμοῦ

201 2000 553 2088 καταλαμβανομένων
598 2005 754 2089 χαλεπῶν
797 1999 837 2070 τὰ
881 2000 1041 2088 δαιμόνια
1087 2015 1221 2088 σημεῖα,

203 2105 303 2176 ὁπότε
333 2109 524 2196 χρησαίμην
560 2113 717 2194 σφαγίοις
745 2109 822 2196 περὶ
854 2107 975 2195 μάχης,
1007 2105 1222 2195 χαλεπώτερα

202 2212 366 2301 γινόμενα
396 2210 526 2300 πολλὴν
564 2215 761 2301 δυσθυμίαν
793 2215 930 2302 παρεῖχέ
960 2240 1017 2301 μοι
1048 2215 1105 2282 καὶ
1134 2212 1221 2300 ἄμη-

162 2321 334 2408 5χανίαν.
384 2317 641 2404 ἐνθυμούμενος
670 2317 711 2406 δὴ
741 2323 845 2388 ταῦτα
874 2324 933 2407 τῆς
962 2319 1024 2408 μὲν
1056 2320 1110 2388 ἐπὶ
1137 2319 1222 2399 τοῦς

162 2455 190 2496 ιο
203 2425 337 2512 άγῦνας
367 2423 472 2514 ὁρμῆς
499 2427 657 2512 ἐπέσχον,
685 2423 855 2512 ἀναβολάς
887 2425 925 2494 δὲ
951 2427 1008 2494 καὶ
1040 2425 1279 2513 διατριβὰς423

203 2531 389 2618 ἐποιούμην
425 2534 487 2600 τοῦ
528 2532 678 2618 πολέμου
717 2534 901 2620 προτέρους
941 2529 1027 2620 ὁμάς
1064 2531 1222 2619 οἰόμενος

185 2637 317 2733 1άρξειν
340 2640 408 2706 τῶν
431 2637 508 2726 περὶ
531 2641 645 2724 φιλίας
666 2635 793 2723 λόγων·
815 2639 872 2706 καί
894 2642 962 2706 ἔδει
980 2664 1028 2725 γε,
1047 2630 1074 2705 ὦ
1101 2637 1220 2726 Τύλλε,

202 2746 302 2812 τοῦτο
326 2753 436 2809 ποιεῖν
459 2738 547 2828 ὑμᾶς
574 2738 736 2822 ἀποίκους
759 2741 860 2824 ὄντας
886 2741 983 2831 ἡμῶν
1012 2744 1068 2812 καλ
1096 2743 1140 2833 μὴ
1163 2770 1221 2813 πε-

204 2849 355 2939 ριμένειν
384 2849 446 2928 ἕως
473 2845 494 2934 ἡ
518 2846 722 2936 μητρόπολις
738 2847 842 2938 ἄρξῃ.
889 2847 969 2936 όσης
995 2847 1060 2939 γάρ
1088 2849 1221 2932 άξιοῦσι

164 2983 190 3026 ιτ
204 2959 301 3044 τιμῆς
327 2953 509 3041 τυγχάνειν
539 2955 574 3022 οί
598 2955 736 3042 πατέρες
752 2954 852 3041 ,παρὰ
880 2957 949 3023 τόν
979 2955 1144 3043 ἐκγόνων,
1166 2985 1221 3027 το-

204 3061 329 3148 σαύτης
357 3064 393 3130 οί
417 3065 590 3140 κτίσαντες
616 3057 675 3139 τάς
705 3059 820 3140 πόλεις
845 3059 935 3149 παρὰ
961 3051 1030 3130 τιῦν
1060 3060 1220 3132 ἀποίκων.

163 3171 184 3238 6
204 3169 242 3237 ἐν
265 3159 292 3261 β
317 3167 356 3236 δὲ
377 3165 472 3256 ἡμεῖς
495 3168 676 3254 ἐμέλλομεν
694 3168 750 3236 καλ
768 3171 1021 3258 παρετηροῦμεν
1041 3166 1221 3256 ἀλλήλους,

331 3381 425 3432 ουν
443 3361 490 3418 Bb
567 3367 600 3415 11
620 3382 638 3416 υ
660 3381 700 3418 ων
723 3363 778 3418 ΑΒ
850 3369 883 3418 15
902 3362 935 3418 δε
958 3362 1057 3420 τινιΟ
1085 3357 1113 3417 δ’
1135 3361 1219 3420 ἔτιο.

203 3370 425 3574 ἓφὲεἰλοίὶὸζῃέξ]
446 3428 521 3488 ἐνΑ
576 3438 610 3487 24
629 3380 710 3503 vaga
723 3434 769 3490 Bb
789 3429 860 3505 αρξχ
874 3434 953 3489 ΑΒε,
1006 3428 1220 3504 λθέκγόνωνΒ
