2682 3982
624 191 791 244 ..Γ-

201 347 263 437 τὴν
287 350 324 416 ἐν
347 352 393 441 τῷ
411 356 570 436 πολεμεῖν
589 346 688 436 ἰσχὺν
708 346 817 416 καὶ
783 373 845 478 την
864 348 901 416 ἐν
919 349 965 439 τῷ
989 344 1219 433 βουλεύεσθαι
1293 369 1296 480 ρ

201 455 389 544 φρόνησιν,
417 452 438 523 6
465 452 587 545 περὶ*
569 459 657 543 ημᾶς
684 451 822 524 ἐστιν’
803 452 989 541 αμφότερα
1020 449 1120 520 καὶ”
1100 477 1153 520 οτι
1177 450 1220 520 06

201 559 299 640 κενὸς
322 559 340 629 ὁ
364 561 493 650 κόμπος
513 559 535 649 ἡ
558 560 685 642 παντὸς
706 560 812 646 λόγου
833 563 993 645 κρείττων
1013 571 1112 644 πείρα
1135 555 1219 646 ἡμῖν
1295 571 1297 590 ²

202 681 380 756 μαρτυρεί·
412 667 580 754 τοσαότην
602 671 689 754 γοῦν
712 668 849 754 μεγίδει
870 667 927 736 καὶ
949 663 1093 752 δυνάμει
1115 664 1219 733 πόλιν
1297 659 1298 668 ’

162 794 176 836 ⁶
203 773 265 862 οὐχ
294 770 370 843 οἷόν
398 799 433 844 τε
460 767 505 862 ἦν
531 777 693 862 γενέσθαι
724 779 819 862 τρίτη
850 775 951 864 γενεᾷ
977 769 1058 859 μετὰ
1083 769 1146 838 τὸν
1170 775 1219 839 ol·
1299 855 1300 858 ρ

201 880 339 968 κισμόν,
367 885 400 950 εί
425 880 471 969 μὴ
497 880 536 950 τό
563 908 599 951 τε
626 879 788 969 άνδρείον
815 881 1023 967 ἐπερίττευεν
1050 875 1133 965 αὐτῇ
1161 878 1220 945 καὶ
1299 875 1300 878 '

201 985 239 1054 τὸ
264 986 445 1074 φρόνιμον.
491 988 604 1056 ίιιαναί
633 986 672 1056 δὲ
698 989 922 1075 τεκμηριῶσαι
949 983 988 1054 τὸ
1009 983 1132 1072 κράτος
1159 981 1219 1051 αὐ-
1300 983 1301 1002 ¹

201 1096 261 1180 τῆς
282 1094 405 1160 πολλαὶ
426 1090 540 1172 πόλεις
563 1094 599 1160 ἐκ
621 1095 682 1160 τοῦ
706 1097 864 1162 Λατίνων
892 1083 992 1160 οὖσαι
1018 1091 1139 1177 γόνους
1161 1091 1220 1158 καὶ
1301 1097 1302 1102 ’

201 1195 264 1284 τὴν
300 1203 409 1266 κτίσιν
451 1196 511 1285 ἀφ’
544 1195 640 1286 ὑμῶν
683 1203 834 1286 ἔχουσαι,
875 1203 913 1266 αἳ
949 1195 1012 1285 τὴν
1052 1193 1220 1284 ὑμετέραν
1302 1189 1303 1192 “

164 1330 190 1371 ιο
203 1300 425 1390 ὑπεριδοῦσαι
464 1303 565 1375 πόλιν
607 1302 688 1392 ἡμῖν
729 1303 1024 1393 προσκεχωρήκασι
1059 1303 1116 1371 καὶ
1150 1299 1219 1370 ὑπὸ

198 1408 372 1498 Ῥωμαίων
396 1409 562 1499 ἄρχεσθαι
584 1415 714 1499 μᾶλλον
737 1409 891 1494 ἀξιοῦσιν
914 1407 935 1498 ἣ
957 1408 1015 1480 ὑπ’
1033 1407 1220 1496 Ἀλβανῶν,
1304 1405 1305 1408 “

196 1513 250 1596 ῶς
271 1513 368 1604 ἡμῶν
391 1517 453 1605 μδν
471 1515 644 1606 ἀμφότερα
663 1521 791 1587 ἱκανῶν
815 1516 926 1586 όντων
946 1515 1026 1597 τοός
1042 1543 1079 1584 τε
1097 1521 1221 1604 φίλους

204 1614 242 1690 εὖ
275 1637 385 1693 ποιεῖν
417 1622 575 1704 καὶτοὺς
602 1622 748 1712 ἐχθροὺς
774 1627 898 1710 κακῶς,
929 1620 1026 1710 ὑμῶν
1059 1621 1091 1689 δ’
1122 1620 1221 1691 οὐδέ·
1306 1621 1307 1624 '

153 1736 195 1802 10
203 1754 290 1818 τερα
345 1729 452 1799 πολλὰ
483 1727 576 1818 είχον
613 1735 662 1799 ἔτι
699 1730 802 1798 καὶί
788 1729 927 1816 ίσχυρά,
959 1720 986 1796 ῶ
1021 1730 1220 1816 Φουφέττιε,

163 1834 287 1923 πατρὸς
315 1834 375 1916 τάς
401 1831 656 1923 δικαιῶσεις,“
635 1863 675 1916 ας
706 1833 750 1904 σὺ
780 1838 965 1923 παρέσχου,
997 1836 1121 1922 λέγειν·
1157 1833 1221 1922 μά-

202 1967 299 2010 ταιον
325 1940 405 2011 δὲ
390 1946 481 2030 ορῶν
508 1941 568 2011 τὸν
596 1941 701 2029 λόγον
728 1943 784 2010 καὶ
808 1943 845 2010 ἐν
873 1951 935 2034 ίσιμ
957 1939 997 2011 τδι
1019 1939 1126 2010 πολλὰ
1147 1955 1222 2022 τοῖς

200 2045 331 2134 ὀλίγοις
367 2049 601 2137 λεχθησόμενα
636 2048 722 2138 πρὸς
758 2011 963 2130 ἀντιπάλους
998 2047 1099 2128 ὄντας
1131 2044 1221 2135 ὑμᾶς

198 2159 264 2223 τοῦ
288 2158 423 2223 δικαίου
444 2154 558 2244 κριτὰς
584 2156 735 2243 παύομαι
762 2157 880 2243 λέγων.
921 2157 981 2224 ἕνα
1005 2153 1043 2223 δὲ
1064 2152 1279 2242 ὑπολαμιλο

202 2259 320 2347 βάνων
337 2261 517 2350 κράτιστον
541 2260 629 2331 εἶναι
652 2262 708 2330 καὶ
729 2260 837 2348 μόνον
860 2257 956 2348 ἡμῶν
978 2260 1019 2330 τὰ
1040 2266 1134 2348 νείκη
1160 2261 1222 2330 δύ-

164 2376 333 2439 εονασθαι
357 2371 527 2456 διακρῖναι
549 2367 692 2456 τρόπον,
720 2358 748 2460 ςό
771 2371 891 2436 πολλοὶ
912 2367 1083 2456 βάρβαροί
1105 2369 1223 2436 τεκαὶ

196 2470 359 2560 Ἕλληνες
385 2479 433 2555 είς
463 2480 546 2562 ἔχθη
577 2473 798 2553 καταστάντες
830 2476 865 2541 οί
890 2472 952 2562 μὲν
984 2470 1068 2562 ὑπὲρ
1099 2470 1224 2561 ἡγεμο-

203 2583 290 2664 νίας,
310 2583 346 2647 oc
362 2580 400 2648 δὲ
422 2578 506 2667 ὑπὲρ
530 2578 828 2668 ἀμφισβητησίμου
850 2583 912 2667 γῆς
930 2578 1124 2668 ἐχρήσαντο,
1142 2584 1224 2648 τοῦ·

153 2689 265 2755 11τον
293 2682 397 2754 είπῶν
425 2690 474 2753 ἔτι
500 2684 684 2772 παύσομαι·
722 2690 753 2752 εί
778 2690 1005 2773 ποιησαίμεθα
1032 2687 1124 2773 μέρει
1151 2688 1225 2755 τινὶ

204 2795 264 2879 τῆς
290 2793 420 2860 ἑαυτῶν
449 2795 604 2880 στρατιάς
632 2790 781 2881 ἑκάτεροι
807 2790 868 2861 τὸν
895 2790 1011 2879 άγῶνα
1038 2797 1087 2872 είς
1109 2789 1224 2878 ὀλιγο-

165 2919 192 2960 νό
206 2898 287 2967 στόν
310 2925 343 2968 τι
364 2901 497 2987 πλῆθος
519 2896 656 2988 ἀνδρῶν
680 2897 928 2986 συναγαγόντες
953 2896 1017 2985 τὴν
1039 2901 1101 2967 τοῦ
1123 2901 1225 2967 πολέ-

279 3100 311 3150 11
338 3089 420 3148 *ὑπὸ
450 3095 472 3151 Ο
565 3101 599 3149 14
625 3089 707 3150 πόλλ’
731 3087 768 3148 66
796 3091 884 3150 Cobet
915 3094 1017 3150 Mnem
1045 3095 1084 3148 IX
1115 3112 1142 3164 p.
1166 3099 1224 3150 320

206 3171 240 3220 16
258 3169 317 3227 τοῖς
336 3159 442 3235 ὀλίγοις
456 3166 615 3236 Stephanus
633 3171 693 3228 τοῖς
711 3171 771 3228 σοῖς
788 3163 881 3234 λόγοις
900 3165 922 3221 Ο
996 3171 1029 3220 17
1049 3161 1224 3235 ἐλεγχδησό-

206 3255 278 3323 μενοι
296 3237 358 3305 AB,
382 3253 452 3292 corr
471 3237 573 3292 Reiske
652 3241 685 3292 18
709 3236 760 3291 τοῶ
783 3237 938 3292 δικαίονΒ
962 3232 1030 3299 τοὺς
1047 3238 1176 3299 δικαίους
1194 3238 1224 3291 R

206 3301 240 3361 06
259 3277 390 3371 δικαίόυς
398 3308 541 3394 Sylburg
546 3305 582 3377 Ι
568 3327 620 3362 ενα
635 3301 693 3362 Ο
678 3327 712 3362 ον
730 3308 867 3363 Bfioheler
882 3309 886 3377 Ι
902 3301 1112 3432 δπολσιμίάνων
1130 3307 1224 3363 Cobet

206 3376 271 3434 obs.
281 3397 317 3464 p.
337 3385 371 3433 32
390 3373 626 3466 δπολαμβάνωΟ
686 3384 720 3434 23
740 3373 788 3434 ἐπὶ
806 3377 927 3450 με’ρειο
946 3377 1012 3434 Rois
1034 3395 1049 3434 e
1108 3383 1143 3433 24
1161 3375 1223 3434 όλι·

205 3443 307 3516 γοστόν
325 3468 352 3503 τι
370 3450 393 3503 Β
412 3445 552 3519 ὀλίγιστόν
570 3469 597 3503 τι
615 3450 640 3503 R
