2660 3986
611 209 776 260 ..Γ-

189 369 443 454 ἐπιτειχίσαντες
465 364 526 453 τὴν
549 363 645 454 ἡμῶν
676 363 787 436 αὐτῶν
815 365 916 436 πόλιν
938 363 1067 453 πολλὴν
1092 363 1211 454 άσφά-

188 481 282 544 λειαν
310 473 442 554 τούτοις
468 477 530 543 τοῦ
552 501 587 543 τε
614 471 679 542 άπὸ
708 477 894 562 Τυρρηνῶν
920 474 976 542 καὶ
1006 471 1070 542 άπὸ
1094 479 1211 562 Σαβί-

188 607 259 650 νων
282 581 431 667 πολέμου
448 580 692 669 παρειχόμεθα·
714 571 754 668 ἧς
773 578 815 668 δὴ
834 579 962 660 πόλεως
985 573 1023 650 εὖ
1040 607 1076 650 τε
1094 600 1266 667 aqut-493

78 737 83 748 .
188 685 311 774 τοόσης
343 684 502 756 ἁπάντων
534 685 677 775 μάλιστα
713 691 843 774 χαίρειν
879 685 1002 768 αὐτοὺς
1041 690 1109 756 ἔδει
1145 687 1210 754 καὶ

162 794 424 880 εσφαλλομένης
457 792 564 880 μηδὲν
596 794 810 882 ἐνδεέστερον
837 789 967 882 ἢπερὶ
997 798 1056 880 τῆς
1086 790 1209 862 αὐτῶν

149 897 366 987 5άχθεσθαι.
417 901 452 967 οί
478 898 516 968 δὲ
546 897 612 987 άρα
644 903 859 986 φθονοῦντες
887 897 948 988 οόχ
979 897 1060 988 ἡμῖν
1092 901 1209 988 μόνον

188 1010 257 1078 τῶν
280 1006 422 1095 ἀγαθάν
445 1003 609 1076 ἀλλὰκαὶ
632 1007 763 1087 ἑαυτοῖς
783 1010 844 1095 τῆς
867 1005 912 1080 δι’
938 1005 1026 1096 ἡμᾶς
1047 1005 1209 1094 εὐτυχίας

190 1116 362 1184 διετέλουν
393 1114 449 1182 καὶ
478 1117 696 1194 τελευτῶντες
728 1111 773 1194 ὡς
805 1111 916 1184 οὐκέτι
951 1115 1101 1201 κατέχειν
1138 1111 1208 1201 τὴν

189 1219 342 1290 ὕπουλον
373 1225 502 1309 ἔχθραν
534 1219 700 1290 ἐδύναντο
737 1219 885 1308 πόλεμον
916 1217 997 1308 ἡμῖν
1029 1234 1207 1309 προεῖπον.

149 1356 176 1396 ιο
189 1327 358 1416 μαθόντες
381 1325 413 1394 δ’
438 1325 527 1415 ἡμᾶς
550 1319 587 1396 εὖ
610 1325 694 1414 πρὸς
714 1325 776 1397 τὸν
798 1325 914 1414 άγάνα
936 1330 1207 1416 παρεσκευασμέ·
1312 1359 1313 1364 ’

188 1461 286 1519 νους,
315 1430 361 1514 ὡς
388 1432 494 1504 οὐθὲν
522 1432 617 1504 οἷοίτ’
642 1427 731 1522 ἦσαν
764 1433 973 1522 ἐργάσασθαι
1004 1433 1123 1521 κακόν,
1155 1439 1207 1514 είς

190 1539 372 1628 διαλλαγάς
399 1539 543 1610 ἐκάλουν
569 1541 625 1610 καὶ
653 1546 772 1629 φιλίαν
799 1539 855 1609 καὶ
881 1537 919 1610 τὸ
946 1542 1023 1630 περὶ
1047 1545 1107 1628 τῆς
1121 1538 1206 1628 ἥγε·

189 1655 309 1736 μονίας
331 1662 441 1727 νεῖκος
463 1650 500 1716 έν
518 1647 630 1735 τρισὶν
649 1645 708 1736 ἀφ’
730 1646 884 1736 ἑκατέρας
903 1645 1033 1727 πόλεως
1049 1646 1204 1735 σάμασιν
1312 1719 1313 1724 ,

188 1755 308 1842 ἠξίουν
330 1760 502 1844 κριθῆναι.
543 1753 729 1842 ἐδεξάμεθα
750 1755 806 1822 καὶ
835 1753 1037 1834 ταύταςτὰς
1059 1754 1206 1842 προκλή-
1312 1741 1313 1752 ³

150 1887 176 1928 15
192 1883 260 1944 σεις
281 1865 337 1932 καὶ
360 1863 558 1950 νικήσαντες
579 1865 620 1950 τῇ
643 1860 731 1950 μάχη
759 1858 822 1948 τὴν
844 1859 945 1930 πόλιν
973 1859 1085 1929 αὐτῶν
1108 1865 1206 1948 ἔσχο-

149 1969 170 2033 6
190 1997 252 2059 μεν
274 1967 479 2056 ὑποχείριον.
525 1969 606 2056 φέρε
630 1965 673 2054 δὴ
694 1971 730 2036 τί
753 1964 834 2054 μετά
856 1969 961 2035 ταῦτα
982 1965 1205 2054 ἐποιήσαμενη
1312 2031 1313 2036 ,

190 2074 266 2157 έξὸν
288 2071 370 2164 ἡμῖν
394 2071 503 2161 ὅμηρά
525 2100 561 2143 τε
580 2070 693 2142 αὐτόν
715 2077 832 2159 λαβεῖν
852 2073 909 2140 καὶ
927 2071 1083 2160 φρουράν
1106 2075 1144 2141 ἐν
1162 2079 1206 2164 τῇ
1238 2157 1241 2164 ¹

189 2182 285 2252 πόλει
311 2190 504 2251 καταλιπεῖν
531 2182 588 2250 καί
615 2177 694 2260 τοὺς
720 2178 1010 2277 κορυφαιοτάτους
1037 2183 1106 2249 τῶν
1131 2183 1206 2247 δια-

191 2289 387 2378 στησάντων
409 2285 468 2368 τάς
490 2287 604 2366 πόλεις
626 2285 704 2367 τοὺς
727 2286 789 2374 μὲν
807 2285 962 2372 ἀνελεῖν,
991 2284 1070 2366 τοὺς
1094 2285 1125 2354 δ’
1152 2289 1205 2355 ἐκ·

150 2421 177 2462 ιο
190 2402 307 2483 βαλεῖν
334 2399 501 2474 πολιτείας
531 2419 566 2464 τε
595 2390 706 2462 αὐτῶν
735 2391 864 2480 κόσμον
890 2397 1093 2481 Ιμεταστῆσαι
1119 2392 1206 2482 πρὸς

189 2501 227 2572 τὸ
250 2499 332 2589 ἡμῖν
352 2501 527 2588 συμφέρον
544 2501 600 2568 καί
619 2499 729 2588 χάρας
748 2500 804 2568 καὶ
822 2499 1000 2588 χρημάτων
1019 2498 1204 2594 ἀποδασμῷ

191 2611 352 2694 ζημιῶσαι
383 2612 454 2692 καί,
488 2602 506 2674 δ
534 2605 671 2675 πάντων
699 2607 824 2696 ῥᾷστον
851 2597 911 2693 ἦν,
943 2604 1131 2693 ἀφελέσθαι
1161 2607 1205 2678 τά

191 2712 278 2784 ὅπλα
309 2710 447 2797 αὐτούς,
484 2714 518 2794 ἐξ
551 2703 599 2779 ὧν
632 2712 891 2801 ἐγκρατεστέραν
926 2709 969 2782 άν
1000 2712 1062 2801 τὴν
1090 2713 1258 2804 άρχὴνεεε

190 2819 481 2907 κατεστησάμεθα,
508 2818 639 2888 τούτων
672 2817 734 2906 μὲν
763 2818 865 2888 οὐδὲν
892 2817 1081 2907 ἠξιώσαμεν
1107 2825 1204 2908 ποιῆ-

151 2949 178 2994 εε
192 2947 265 3014 σαι,
287 2931 333 3020 τῷ
358 2925 390 2995 δ’
416 2924 549 3013 εὐσεβεῖ
573 2929 703 3014 μᾶλλον
731 2922 750 3014 ἢ
778 2930 824 3019 τῷ
853 2925 999 3014 άσφαλεῖ
1018 2931 1078 3014 τῆς
1099 2925 1205 3016 ἀρχῆς
1312 2941 1313 2944 ’

191 3036 415 3123 ἐπετρέψαμεν
442 3035 498 3102 καὶ
530 3031 567 3102 τὸ
598 3032 757 3121 εὐπρεπὲς
787 3031 825 3102 τὸ
853 3032 938 3121 πρὸς
965 3033 1115 3115 ἅπαντας
1142 3039 1204 3104 τοῦ
1312 3031 1313 3108 ξ

190 3145 447 3222 λυσιτελοῦντος
475 3137 558 3228 ἡμῖν
586 3137 700 3219 αὐτοῖς
727 3142 798 3229 ίδίρι
822 3154 974 3225 κρεῖττον
996 3138 1202 3229 ἡγησάμενοι

192 3247 473 3336 συνεχωρήσαμεν
506 3245 621 3326 αὐτοῖς
652 3244 783 3314 ἅπαντα
810 3243 855 3314 τά
885 3247 1032 3336 σφέτερα·
1058 3252 1202 3335 καρποΐε

262 3474 460 3534 4*πάντωνΟ
509 3478 687 3547 12φιλίαςΑ
741 3483 778 3532 23
794 3473 967 3534 άνΒοαι.Β
1022 3473 1203 3536 θθπάνταδ,
