2682 3982
612 257 777 310 -B-

188 416 269 508 μετά
291 423 395 488 ταῦτα
418 421 454 487 ἐκ
476 424 687 506 τειχομαχίας
708 415 791 486 κατὰ
813 417 934 506 κράτος
959 418 1090 498 ἑλόντες
1113 419 1203 490 ὅπλα

188 527 250 614 μὲν
274 523 453 614 ἀφείλοντο
477 526 532 593 καί
553 524 662 613 χῶρας
685 528 870 612 ἐζημίωσαν
892 529 933 615 τῇ
955 533 1049 615 τρίτη
1072 532 1199 616 μερίδι·

148 629 231 721 δήν
260 634 350 720 <τοῖς
380 633 554 722 σφετέροις
582 635 719 700 διεῖλον.
783 638 857 702 Τῶν
890 631 928 701 δὲ
959 639 1202 724 Καμεριναίων

187 739 267 820 τοὺς
290 742 465 826 ἐποίκους>
479 739 738 826 λυμαινομένων
754 743 807 828 [τῇ
829 745 922 828 τρίτη
937 739 1057 830 ἡμέρα]
1073 743 1202 824 ἐπεξελ-

147 876 161 918 ι
187 846 310 928 θόντες
331 848 387 915 καλ
410 845 613 936 τρεψάμενοι
636 843 828 931 αύτούς,τά
851 845 913 934 μὲν
932 845 1045 916 αὐτῶν
1069 845 1203 918 ἅπαντα

188 970 259 1035 τοῖς
281 956 454 1043 σφετέροις
476 957 626 1032 πολίταις
649 956 793 1038 διεῖλον,
821 949 946 1034 αύτούς
973 953 1011 1021 δὲ
1039 953 1119 1033 τοὺς
1141 953 1202 1024 ἀν-

188 1061 351 1148 θρώπους
378 1057 497 1128 ὁπόσοι
526 1057 708 1146 ἐβούλοντο
742 1061 780 1128 ἐν
802 1057 910 1148 Ῥῶμη
937 1075 1105 1129 κατοικεῖν
1134 1071 1203 1130 εία-

190 1187 264 1236 σαν.
301 1167 457 1252 ἐγένοντο
477 1163 508 1232 δ’
530 1161 575 1244 ῶς
592 1173 858 1253 τετρακισχίλιοι,
878 1162 938 1245 οὓς
950 1181 1023 1248 ταῖς
1036 1166 1204 1256 φράτραις

190 1274 404 1360 ἐπεμέρισαν,
426 1272 482 1339 καὶ
504 1269 567 1357 τήν
589 1270 689 1340 πόλιν
713 1270 824 1340 αὐτῶν
847 1271 1006 1342 ἀποικίαν
1026 1271 1203 1362 Ῥωμαίων

150 1406 176 1446 ιο
190 1381 361 1465 ἐποίησαν.
420 1369 464 1464 ήν
502 1375 540 1445 δὲ
573 1374 744 1462 Ἀλβανῶν
781 1377 953 1461 ἀπόκτισις
988 1378 1010 1469 ή
1047 1388 1204 1469 Καμερία

188 1491 327 1564 πολλοῖς
357 1483 494 1572 χρόνοις
524 1482 746 1555 ἀποσταλεῖσα
777 1487 943 1576 πρότερον
975 1492 1034 1576 τῆς
1061 1486 1203 1577 Ῥῶμης·

189 1589 233 1659 τὸ.
252 1589 283 1658 δ’
310 1589 451 1680 ἀρχαῖον
470 1589 692 1678 Ἀβοριγίνων
716 1602 845 1680 οἴκησις
867 1595 904 1662 έν
926 1608 997 1674 τοῖς
1018 1595 1110 1663 πάνυ
1134 1598 1203 1664 ἐπι

189 1697 309 1786 φανής.

279 1806 332 1874 LL
364 1803 527 1899 Ἐνιαιπῶ
551 1805 589 1874 δὲ
612 1809 694 1899 ἕκτφ
717 1813 922 1894 περιίσταται
945 1808 1047 1878 πάλιν
1071 1813 1118 1888 είς
1141 1809 1201 1876 ἕνα

151 1909 359 2001 ιιῬωμύλον
395 1910 416 2000 ἡ
448 1917 507 2000 τής
542 1913 670 1994 πόόεως
705 1913 790 2001 ἀρχή
826 1921 856 1982 Τ
852 1921 954 1996 ατίου,
984 1915 1201 2002 τελευτήσαν-

189 2045 247 2100 τος
269 2021 303 2102 έξ
326 2022 515 2108 ἐπιβουλῆς,
538 2016 582 2108 ἣν
602 2023 812 2108 συνέστησαν
830 2020 880 2090 ἐπ’
901 2020 990 2115 αύτῷ
1012 2029 1260 2091 memma-344

189 2132 258 2197 τῶν
283 2131 319 2196 οί
342 2127 604 2217 κορυφαιότατοι
632 2127 931 2216 συμφρονήσαντες
957 2127 1023 2199 ἀπὸ
1045 2129 1202 2216 τοιαύτης

191 2239 311 2315 αίτίας·
333 2239 402 2303 τῶν
426 2234 567 2320 ἑταίρων
585 2233 675 2313 τινὲς
695 2238 756 2302 τοῦ
779 2241 902 2304 Τατίου
924 2235 1107 2324 λῃστήριον
1131 2237 1201 2317 ἑξα-

190 2341 352 2428 χαμόντες
372 2346 420 2420 είς
441 2339 503 2428 τήν
521 2346 759 2410 Λαουινιατῶν
777 2341 891 2431 χῶραν
913 2341 1064 2430 χρήματά
1087 2369 1122 2412 τε
1143 2340 1202 2410 αύ-

152 2470 179 2510 εο
192 2450 261 2514 τῶν
283 2444 439 2535 ἥρπασαν
466 2445 572 2515 πολλά
599 2449 655 2515 καὶ
682 2448 904 2536 βοσκημάτων
928 2447 1104 2537 ἀπήλασαν
1127 2447 1202 2536 ἀγέ-

190 2561 266 2638 λας,
288 2557 358 2622 τῶν
381 2552 412 2620 δ’
439 2553 714 2641 ἐπιβοηθούντων
738 2552 798 2636 οὓς
820 2556 882 2644 μὲν
905 2555 1119 2642 ἀπέκτειναν,
1143 2551 1203 2635 οὓς

155 2656 224 2727 2ό’
259 2658 512 2746 ἐτραυμάτισαν.
571 2658 777 2748 ἀφικομένης
818 2662 856 2730 δὲ
895 2669 1073 2750 πρεσβείας
1112 2660 1203 2748 παρὰ

190 2768 260 2835 τῶν
291 2762 505 2853 ἠδικημένων
536 2764 592 2835 καλ
628 2765 669 2836 τά
708 2772 821 2838 όίκαια
853 2768 1058 2857 ἀπαιτούσης
1089 2765 1107 2836 ὁ
1140 2768 1202 2857 μὲν

186 2870 357 2961 Ῥωμύλος
379 2874 554 2942 ἐδικαίωσε
575 2879 789 2964 παραδοῦναι
815 2874 894 2956 τοὺς
920 2876 1111 2964 δράσαντας
1133 2890 1204 2956 τοῖς

265 3041 279 3088 1
299 3029 402 3103 κράτος
424 3029 529 3097 αύτούς
553 3031 663 3098 ἑλόντες
680 3036 706 3091 R
738 3029 844 3098 αύτούς
862 3054 916 3091 om.
934 3037 957 3090 Β
1029 3043 1046 3090 2
1066 3033 1203 3106 χύρανΟ

193 3111 209 3160 8
223 3108 288 3176 post
305 3099 341 3175 ἣν
359 3106 489 3160 lacunam
503 3105 605 3162 statuit
612 3106 757 3176 Kiessling
766 3107 810 3160 Pr.
821 3108 883 3162 Βοε.
898 3125 925 3177 p.
937 3113 952 3162 9
968 3109 997 3161 οῖ
1011 3107 1136 3177 εαρλετίῖ
1150 3106 1202 3161 sic:

192 3184 252 3260 τοῖς
276 3174 422 3260 σφετέροις
432 3179 555 3261 βιεῑλον.
604 3179 668 3264 Τῶν
692 3175 724 3231 σε
740 3181 946 3266 ,Καμεριναίων
973 3173 1039 3240 τούς
1063 3174 1202 3262 ἐποίκους,

193 3247 316 3303 Smtems
329 3247 389 3302 Em.
404 3249 485 3304 D10n.
500 3248 538 3303 ΙΙΙ
553 3257 607 3318 p.9
636 3250 737 3302 αλλοδ
768 3249 855 3304 ουόὲν
874 3269 965 3303 κακον
985 3243 1122 3318 ἐποίησαν
1143 3251 1147 3317 Ι
1168 3268 1202 3318 τη

192 3321 271 3390 τρίτη
290 3314 383 3391 ἡμέρᾳ
400 3320 492 3375 delevi
507 3323 620 3375 auctore
635 3319 803 3388 Kiesslingio
858 3325 874 3374 ὁ
893 3317 1089 3389 *τρεψάμενοι
1104 3319 1204 3388 scripsi

192 3389 317 3460 Kaysero
341 3393 455 3446 auctore
475 3393 546 3445 Ann.
566 3389 696 3445 Heidelb.
717 3396 786 3447 1868
804 3410 831 3461 p.
851 3396 903 3445 679
940 3389 1153 3460 τροπωσάμενοι
1180 3387 1203 3444 0

194 3467 228 3517 10
256 3455 405 3524 ἀπόκτισις
431 3463 507 3516 ΔΒο
544 3456 692 3529 ἀποίκηοις
715 3463 762 3517 Bb
853 3469 885 3517 12
908 3469 967 3524 τοῖς
993 3461 1116 3516 Sinteuis
1141 3459 1203 3515 Em.

192 3532 273 3588 Dion.
292 3533 319 3586 11
336 3549 364 3600 p.
383 3538 417 3588 22
437 3539 498 3594 ταῖς
518 3532 540 3586 Ο
614 3539 656 3587 16.
677 3539 710 3590 19
730 3531 923 3606 *λαβινιατῶυ
942 3532 965 3586 0
985 3531 1092 3588 correxi
