2670 3984
193 251 259 318 104
616 255 782 308 -Α-

191 417 506 500 κατασκευασθῆναι
534 411 615 482 αὐτὸ
643 411 699 482 ὑπ’
730 418 886 499 Αἰνείου,
918 415 1060 506 ἐνιαυτῷ
1089 415 1205 504 πρότε-

193 545 256 608 ρον
278 523 340 588 τού
363 521 513 607 πολέμου
534 520 659 590 τούτου
680 519 923 608 τελευτήσαντι.
952 525 1021 589 ἔστι
1036 519 1074 588 δὲ
1096 521 1205 609 χωμά-

191 652 266 694 τιον
290 623 331 694 ού
355 627 439 714 μέγα
461 627 615 714 καὶπερὶ
644 625 725 696 αὐτὸ
750 629 875 715 δένδρα
899 625 1078 715 στοιχηδὸν
1101 651 1205 715 πεφυ-

190 731 272 801 κότα
293 735 377 814 θέας
399 731 483 815 άξια.

163 883 177 924 ι
259 858 357 927 LXV.
394 863 535 928 Αἰνείου
563 856 594 926 δ’
626 860 659 941 ἐξ
687 857 881 947 ἀνθρώπων
910 859 1131 947 μεταστάντος
1154 863 1206 948 ἕβ-

192 962 286 1056 δύμφ
311 963 454 1052 μάλιστα
477 971 542 1034 ἔτει
565 963 646 1054 μετά
668 963 730 1052 τὴν
750 963 854 1035 Ἰλίου
876 963 1004 1034 ἅλωσιν
1023 965 1207 1054 Εὐρυλέων

192 1073 359 1160 παρέλαβε
391 1070 453 1160 τήν
483 1078 641 1140 Λατίνων
674 1070 858 1161 ἡγεμονίαν
892 1069 909 1141 ὁ
942 1076 1208 1162 μετονομασθεὶς

190 1176 365 1258 Ἀσκάνιος
392 1181 429 1247 ἐν
453 1182 497 1268 τῇ
526 1183 626 1268 φυγή.
672 1171 760 1266 ήσαν
789 1179 826 1247 δὲ
848 1179 1010 1268 τειχήρεις
1038 1185 1073 1249 oc
1097 1185 1209 1268 Τρῶες

194 1286 232 1352 ἐν
254 1287 300 1376 τῷ
323 1283 435 1375 χρόνῳ
458 1283 577 1376 τούτῳ,
599 1285 655 1354 καλ
678 1301 748 1366 τοῖς
762 1285 823 1374 μὲν
846 1291 1017 1375 πολεμίοις
1040 1285 1092 1356 άελ
1105 1307 1208 1374 προσ-

153 1414 180 1455 10
193 1390 246 1481 ήει
271 1389 425 1478 δύναμις,
449 1395 486 1458 οιί
508 1391 546 1459 δὲ
567 1395 636 1460 τῶν
661 1398 818 1461 Λατίνων
842 1391 1004 1462 άδύνατοι
1026 1386 1114 1481 ήσαν
1137 1408 1211 1474 τοῖς

151 1501 232 1570 2ἐν
255 1502 301 1590 τῷ
325 1503 499 1590 Λαουϊνίῳ
526 1501 825 1588 πολιορκουμένοις
848 1503 1048 1592 ἐπικουρεῖν.
1083 1499 1122 1570 τὸ
1145 1501 1210 1589 μέν

196 1604 238 1692 δή
261 1609 395 1694 πρῶτον
418 1610 466 1686 είς
489 1611 607 1693 φιλίαν
629 1632 665 1675 τε
683 1608 738 1674 καὶ
753 1607 928 1695 συνθήκας
950 1615 1084 1698 μετρίας
1105 1605 1210 1696 πρού-

194 1716 360 1781 καλούυτο
388 1710 467 1792 τοὺς
493 1717 674 1806 πολεμίους
702 1716 736 1780 οί
756 1715 832 1802 περὶ
854 1712 915 1783 τὸν
936 1713 1131 1784 Ἀσκάνιον·
1164 1711 1212 1794 ὡς

194 1817 226 1886 δ’
253 1817 355 1888 οὐδὲν
377 1833 558 1907 προσεῖχον
582 1817 710 1906 αὐτοῖς,
735 1821 920 1908 ἐπιτρέπειν
944 1823 1084 1902 ἐκείνοις
1106 1820 1210 1909 ήυαγ-

154 1955 180 1997 15
193 1926 333 2009 κάζουτο
361 1924 616 1994 καταλύσασθαι
646 1923 707 1994 τὸν
738 1924 887 2013 πόλεμον
915 1925 968 2014 ἐφ’
995 1922 1046 2007 οἷς
1077 1924 1121 1996 άν
1150 1927 1210 1996 αύ-

193 2036 245 2102 τοὶ
270 2037 433 2102 δικαιῶσι.
478 2036 540 2101 τού
564 2031 602 2099 δὲ
623 2033 786 2118 βασιλέως
808 2036 877 2100 τῶν
902 2038 1088 2122 Τυρρηνῶν
1110 2033 1151 2103 τά
1174 2061 1210 2104 τε

193 2139 278 2208 άλλα
301 2137 346 2220 ὡς
370 2141 638 2225 δεδουλωμένοις
655 2135 810 2226 ἀφόρητα
824 2139 1061 2222 ἐπιτάσσοντος
1078 2139 1210 2210 καὶτὸν

198 2244 295 2316 οίνον
319 2244 402 2314 ὅσον
417 2242 460 2312 διν
474 2241 496 2331 ἡ
511 2251 668 2314 Λατίνων
690 2249 733 2332 γή
752 2249 838 2335 φέρη
857 2254 1045 2338 Τυρρηνοῖς
1063 2247 1268 2334 άπάγειν164

194 2352 260 2422 άυά
283 2357 351 2421 πάν
375 2357 458 2438 έτος,
482 2349 543 2420 ούκ
571 2349 755 2438 άνασχετὸν
783 2349 991 2441 ἡγησάμενοι
1013 2354 1050 2423 τὸ
1074 2358 1211 2443 πρᾶγμα

157 2486 184 2528 εο
197 2463 256 2547 τής
284 2459 345 2548 μὲν
374 2455 524 2546 ἀμπέλου
550 2455 611 2528 τδν
633 2457 764 2548 καρπὸν
793 2457 885 2549 ἱερὸν
916 2463 1125 2548 ἐψηφίσαντο
1148 2465 1210 2530 τοῦ

195 2564 281 2646 Διὸς
313 2564 402 2634 εἶναι
432 2563 571 2653 γνώμην
608 2563 856 2655 ἀγορεύσαντος
884 2563 1088 2654 Ἀσκανίου,’
1113 2565 1210 2636 αύτολ

197 2675 235 2743 δέ
257 2671 415 2762 άλλήλοις
437 2670 765 2760 παρακελευσάμενοι
792 2671 983 2760 προθύμοις
1009 2671 1212 2761 άγωνισταῑς

195 2783 357 2868 γενέσθαι
392 2781 448 2849 καὶ
483 2777 588 2860 θεοὺς
628 2779 846 2867 αἰτησάμενοι
883 2782 1113 2868 συλλαβέσθαι
1149 2785 1211 2850 τού

194 2887 461 2976 κινδυνεύματος
492 2889 637 2973 ἐξῆλθον
675 2889 710 2955 ἐκ
745 2890 804 2972 τής
839 2885 967 2968 πόλεως
1003 2888 1212 2975 φυλάξαντες

155 2975 290 3064 3νύκτ’
320 2992 496 3080 άσέληνον.
542 2991 646 3073 εύθύς
678 2992 717 3061 δέ
747 2991 995 3080 προσβαλόντες
1017 2998 1062 3086 τῷ
1089 2993 1210 3082 χάρακι

154 3063 182 3105 ²5
195 3105 265 3170 τῶν
297 3105 482 3188 πολεμίων,
514 3095 552 3178 ὃς
579 3098 747 3186 ἐγγυτάτω
779 3103 837 3186 τής
864 3099 992 3179 πόλεως
1022 3105 1126 3171 ἔκειτο
1154 3102 1211 3170 καλ

269 3320 301 3368 12
322 3315 418 3384 φιλίας
432 3313 454 3368 Β
471 3315 475 3383 Ι
492 3313 606 3383 μετρίας
625 3307 808 3381 συνθήκαςΒ
882 3319 914 3368 13
934 3319 993 3376 τοῖς
1006 3314 1151 3384 πολεμίοις
1165 3314 1210 3370 Ba

197 3391 232 3440 14
260 3380 323 3440 ἀλλ’
349 3381 510 3455 ἐπιτρέπειν
536 3383 583 3438 Bb
620 3397 628 3410 “
675 3388 707 3438 15
736 3379 924 3440 λύσασθαιΒ
1017 3389 1049 3438 18
1078 3382 1162 3453 φέρει
1186 3385 1210 3439 Β

233 3463 267 3512 20
290 3455 341 3511 τοῦ
365 3473 419 3510 om.
444 3456 468 3509 A
546 3461 579 3510 21
607 3455 658 3510 τού
685 3449 828 3510 Ἀσκανίου
851 3456 877 3510 A
905 3450 994 3510 κύτού
1020 3449 1162 3510 ’Λσκανίου
1186 3473 1209 3513 ο.

195 3527 299 3582 Reiske
358 3531 392 3582 25
411 3521 567 3582 *νύκταΟ
