2670 3984
195 231 318 308 202⁴
619 233 818 301 -Β-,

195 401 443 462 κατασταθεῖσα
460 390 598 479 τοιαύτη
617 418 667 472 τις
685 383 741 478 ἦν·
766 393 803 460 ἐν
825 392 862 460 δέ
879 396 924 484 τῷ
944 391 1023 461 καθ’
1041 390 1127 480 ἡμᾶς
1144 399 1208 485 βίφ

188 498 380 586 ,πολυτελὴς
401 501 519 586 χέγονε
537 500 593 568 καὶ
612 497 742 581 ἀλαζὼν
761 504 808 580 είς
825 498 974 568 πλοῦτον
993 503 1121 586 μάλλον
1140 502 1210 568 ἐπί-

198 607 304 688 δειξιν
331 602 351 694 ἢ
377 606 518 694 δόκησιν
545 605 664 696 ἀρετῆς
696 607 1010 696 ἐπιτραγῳδουμένη
1040 608 1097 675 καὶ
1126 605 1206 676 καθ’

156 711 330 782 4ῦπασαν
354 715 450 782 ίδέαν
474 716 630 802 ἐκβέβηκε
652 711 714 801 τὴν
740 711 883 802 ἀρχαίαν
906 711 1083 782 εὐτέλειαν.
1129 713 1211 802 μετά

157 845 170 887 5
199 819 236 888 δὲ
259 819 322 907 τὴν
344 819 481 909 πομπήν
508 849 543 890 τε
570 822 626 890 καὶ
655 825 785 889 θυσίαν
808 818 897 889 νεῦν
919 820 1167 902 κατασκευάσας
1190 818 1208 890 ὁ

192 923 361 1014 Ῥωμύλος
390 927 443 996 ἐπὶ
473 930 531 1015 τῆς
559 930 712 1015 κορυφῆς
738 929 800 996 τοῦ
830 931 1046 995 Καπιτωλίου
1069 926 1208 1014 [λόφου]
1331 975 1332 988 2

176 1033 299 1119 ΙΔιός,
330 1029 371 1102 δν
395 1035 589 1102 ἐπικαλοῦσι
611 1030 769 1120 Ῥωμαῖοι
797 1034 991 1122 φερέτριον,
1022 1031 1063 1101 οῦ
1090 1034 1210 1120 μέγαν·
1331 1061 1332 1066 ’

199 1144 246 1208 ἐτι
269 1137 333 1226 γὰρ
357 1137 462 1207 αὐτοῦ
486 1139 621 1222 σώζεται
644 1139 681 1207 τό
707 1137 848 1228 ἀρχαῖον
872 1148 965 1226 ῖχυος
989 1139 1166 1220 ἐλάττονας
1188 1136 1209 1228 ἢ
1331 1159 1332 1164 ’

197 1247 296 1314 πέντε
318 1249 435 1314 ποδῦν
460 1247 515 1314 καλ
539 1247 619 1315 δέκα
642 1243 700 1326 τάς
728 1250 858 1333 μείζους
880 1243 1025 1334 πλευρὰς
1049 1250 1140 1334 ἔχον·
1172 1248 1209 1314 ἐν
1331 1271 1332 1330 j

159 1377 185 1417 ιο
199 1352 306 1444 τούτῳ
330 1348 518 1440 καθίέρωσε
540 1350 580 1421 τά
599 1355 706 1421 σκῦλα
728 1355 790 1420 τοῦ
803 1355 1013 1420 Καινινιτῶν
1036 1354 1209 1440 βασιλέως,
1331 1379 1332 1394 ³

199 1455 240 1528 δν
264 1458 455 1549 αὐτοχειρίᾳ
482 1457 731 1548 κατειργάσατο.
775 1457 836 1527 τὸν
865 1457 904 1527 δὲ
927 1463 995 1526 Δία
1022 1457 1084 1528 τδν
1114 1461 1210 1548 φερέ-

198 1593 306 1655 τριον,
327 1557 410 1660 ᾦτά
431 1564 517 1635 ὅπλα
539 1564 556 1634 ὁ
576 1563 745 1653 Ῥωμύλος
765 1563 944 1652 ἀνέθηκεν,
964 1573 1029 1634 εἴτε
1049 1565 1265 1653 βοῦλεταίεοο

197 1699 249 1754 τις
274 1677 500 1762 τροπαιοῦχον
527 1681 593 1742 εῖτε
620 1672 837 1761 σκυλοφόρον
863 1681 978 1741 καλεῖν
1006 1670 1051 1754 ὡς
1078 1669 1214 1754 ἀξιοῦσί

198 1805 287 1860 τινες
309 1776 391 1866 εἴθ’,
412 1777 466 1848 ότι
488 1779 624 1848 πάντων
647 1777 798 1868 ὑπερέχει
825 1779 881 1846 καὶ
903 1781 1015 1848 πᾶσαν
1039 1781 1076 1850 ἐν
1098 1778 1210 1870 κῦκλφ
1331 1769 1332 1796 ³

159 1906 185 1948 15
198 1890 391 1974 περιείληφε
422 1883 484 1974 τὴν
516 1887 585 1955 τόν
622 1885 732 1955 όντων
769 1884 875 1972 φύσιν
907 1911 941 1953 τε
972 1886 1028 1952 καὶ
1063 1889 1211 1972 κίνησιν,
1331 1917 1332 1968 η

199 1989 428 2081 ὑπερφερέτην
452 1991 513 2080 οῦχ
535 1989 758 2080 ἁμαρτήσεται
780 1995 840 2078 τῆς
862 1988 1032 2077 ἀληθείας.

287 2101 421 2167 XXXV.
439 2097 497 2179 Ὡς
516 2097 547 2166 δ’
569 2097 718 2168 ἀπέδωκε
739 2111 809 2178 τοῖς
826 2106 922 2178 θεοῖς
940 2094 958 2164 ὁ
979 2096 1136 2183 βασιλεὺς
1152 2096 1212 2178 τάς

198 2211 435 2294 χαριστηρίους
457 2209 581 2285 θυσίας
603 2207 712 2274 τεκαὶ
734 2202 894 2293 ἀπαρχάς,
916 2205 997 2294 πρὶν
1020 2200 1041 2292 ἢ
1062 2209 1130 2273 νῦν
1153 2203 1211 2273 άλ-

199 2319 268 2380 λων
291 2339 324 2381 τι
348 2310 596 2399 διαπράξασθαι
619 2309 749 2399 βουλὴν
773 2315 915 2380 ἐποιεῖτο
943 2313 1109 2401 περὶτῶν
1131 2338 1211 2400 κρα-

160 2439 186 2478 2⁰
199 2423 369 2505 τηθεισιῦν
401 2419 549 2506 πόλεων,
581 2416 698 2488 ῦυτινα
731 2420 894 2508 χρηστέον
926 2416 1042 2498 αῦταῖς
1072 2408 1211 2508 τρόπον,

199 2522 299 2604 αὐτὸς
322 2521 366 2612 ἣν
389 2523 602 2612 ὑπελάμβανε
625 2527 805 2614 κρατίστην
835 2523 923 2594 εἶναι
945 2525 1099 2612 χνεόμην,
1122 2529 1211 2612 προῦ-

159 2626 180 2689 2
199 2656 255 2710 τος
278 2629 547 2718 ἀποδειξάμενος.
585 2628 630 2711 ὡς
653 2631 690 2700 δὲ
719 2635 801 2700 πᾶσι
823 2644 894 2710 τοῖς
917 2632 954 2698 ἐν
976 2635 1022 2723 τῷ
1042 2635 1212 2724 συνεδρίῳ

198 2741 366 2824 παροῦσιν
394 2735 416 2824 ἥ
442 2763 478 2805 τε
501 2735 666 2824 ἀσφάλεια
693 2741 761 2806 νῦν
784 2737 1023 2826 βουλευμάτων
1053 2743 1114 2806 τοῦ
1136 2737 1212 2826 ἡγε-

199 2843 305 2930 μόνος
334 2841 452 2933 ῦρεσκε
482 2845 537 2912 καλ
567 2842 588 2932 ἡ
619 2843 810 2932 λαμπρότης
839 2843 879 2913 τά
910 2870 944 2912 τε
974 2843 1059 2912 ἀλλα
1089 2843 1151 2912 ὅσα
1177 2848 1212 2928 ἐξ

159 2970 185 3011 ιτ
200 2947 311 3018 αὐτῶν
334 2950 509 3038 γενήσεται
532 2954 573 3040 τῇ
597 2950 692 3020 πόλει
715 2950 860 3039 χρήσιμα
889 2949 950 3019 οῦκ
978 2952 1015 3018 ἐν
1038 2955 1083 3043 τῷ
1107 2976 1211 3040 παρα·
1331 3013 1332 3022 ,

198 3059 309 3144 χρῆμα
333 3055 441 3144 μόνον
465 3054 549 3126 ἀλλά
572 3059 627 3126 καὶ
650 3062 698 3137 είς
720 3054 851 3126 ἅπαντα
873 3055 933 3125 τὸν
956 3055 1061 3126 ἀλλον
1084 3057 1212 3146 χρόνον

271 3283 362 3344 δνεῦ
381 3287 457 3344 ΑΒο
537 3285 664 3358 δλόφου
688 3287 741 3344 deL
765 3286 908 3356 Kiessling
988 3294 1023 3342 10
1045 3290 1167 3344 κανιτῦν
1186 3291 1212 3344 R

199 3359 363 3414 καινινιτῦν
381 3359 428 3414 Ba
452 3359 616 3428 κενηνητῦν
634 3359 680 3414 Bb
705 3361 709 3427 Ι
733 3358 912 3426 καθιερῶσαι
930 3359 978 3412 Ab
1051 3365 1085 3414 14
1105 3355 1136 3414 ἐν
1155 3360 1209 3415 del.

200 3429 370 3501 Grasberger
386 3429 463 3485 Τεεε.
482 3430 568 3486 Herb.
587 3449 615 3502 p.
635 3435 678 3496 14,
696 3429 811 3484 defendi
829 3427 894 3484 Obs.
913 3446 941 3498 p.
956 3435 1017 3498 330,
1036 3429 1125 3486 Krobs
1142 3431 1211 3486 Ρεῖι-

198 3499 442 3570 positionsadv.11
459 3519 486 3572 p.
505 3507 540 3558 43
611 3507 645 3556 22
664 3495 819 3556 *ἀπασιΟ
888 3505 921 3554 23
941 3501 1064 3570 παροῦσι
1081 3521 1111 3556 τε
1129 3502 1176 3558 Ba
