<?xml version="1.0" encoding="UTF-8"?>
<!DOCTYPE html PUBLIC "-//W3C//DTD XHTML 1.0 Transitional//EN"
    "http://www.w3.org/TR/xhtml1/DTD/xhtml1-transitional.dtd">
<html xmlns="http://www.w3.org/1999/xhtml" xml:lang="en" lang="en">
 <head>
  <title>
</title>
<meta http-equiv="Content-Type" content="text/html;charset=utf-8" />
  <meta name='ocr-system' content='tesseract 3.04.00' />
  <meta name='ocr-capabilities' content='ocr_page ocr_carea ocr_par ocr_line ocrx_word'/>
</head>
<body>
  <div class='ocr_page' id='page_1' title='image "./dionysihalicarn05diongoog_0284.png"; bbox 0 0 2682 3982; ppageno 0'>
   <div class='ocr_carea' id='block_1_1' title="bbox 547 241 1137 308">
    <p class='ocr_par' dir='ltr' id='par_1_1' title="bbox 547 241 1137 308">
     <span class='ocr_line' id='line_1_1' title="bbox 547 241 1137 308; baseline 0.002 -1"><span class='ocrx_word' id='word_1_1' title='bbox 547 268 580 278; x_wconf 83' lang='lat'><em>-</em></span> <span class='ocrx_word' id='word_1_2' title='bbox 619 241 713 292; x_wconf 86' lang='grc' dir='ltr'><strong><em>Γ-</em></strong></span> <span class='ocrx_word' id='word_1_3' title='bbox 1072 241 1137 308; x_wconf 78' lang='lat'><strong><em>275</em></strong></span> 
     </span>
    </p>
   </div>
   <div class='ocr_carea' id='block_1_2' title="bbox 56 391 1194 3146">
    <p class='ocr_par' dir='ltr' id='par_1_2' title="bbox 56 391 1194 3146">
     <span class='ocr_line' id='line_1_2' title="bbox 123 391 1137 492; baseline 0.012 -32"><span class='ocrx_word' id='word_1_4' title='bbox 123 393 161 462; x_wconf 73' lang='grc' dir='ltr'><strong><em>δέ</em></strong></span> <span class='ocrx_word' id='word_1_5' title='bbox 184 392 228 481; x_wconf 85' lang='grc' dir='ltr'><strong><em>μῆ</em></strong></span> <span class='ocrx_word' id='word_1_6' title='bbox 251 391 469 464; x_wconf 81' lang='grc' dir='ltr'><strong><em>ὑπακούσωσι</em></strong></span> <span class='ocrx_word' id='word_1_7' title='bbox 492 397 719 484; x_wconf 77' lang='grc' dir='ltr'><strong><em>προσβάλλειν</em></strong></span> <span class='ocrx_word' id='word_1_8' title='bbox 747 396 859 468; x_wconf 82' lang='grc' dir='ltr'><strong><em>αύτύν</em></strong></span> <span class='ocrx_word' id='word_1_9' title='bbox 887 399 971 490; x_wconf 89' lang='grc' dir='ltr'><strong><em>πρὸς</em></strong></span> <span class='ocrx_word' id='word_1_10' title='bbox 999 399 1040 470; x_wconf 87' lang='grc' dir='ltr'><strong><em>τά</em></strong></span> <span class='ocrx_word' id='word_1_11' title='bbox 1063 403 1137 492; x_wconf 85' lang='grc' dir='ltr'><strong><em>έρύ-</em></strong></span> 
     </span>
     <span class='ocr_line' id='line_1_3' title="bbox 121 501 1177 598; baseline 0.006 -30"><span class='ocrx_word' id='word_1_12' title='bbox 121 527 217 589; x_wconf 88' lang='grc' dir='ltr'><strong><em>ματα.</em></strong></span> <span class='ocrx_word' id='word_1_13' title='bbox 262 501 600 589; x_wconf 84' lang='grc' dir='ltr'><strong><em>παρασκευασάμενος</em></strong></span> <span class='ocrx_word' id='word_1_14' title='bbox 623 504 661 572; x_wconf 75' lang='grc' dir='ltr'><strong><em>δὲ</em></strong></span> <span class='ocrx_word' id='word_1_15' title='bbox 683 501 723 573; x_wconf 90' lang='grc' dir='ltr'><strong><em>τδι</em></strong></span> <span class='ocrx_word' id='word_1_16' title='bbox 741 503 824 594; x_wconf 88' lang='grc' dir='ltr'><strong><em>πρὸς</em></strong></span> <span class='ocrx_word' id='word_1_17' title='bbox 846 506 907 575; x_wconf 91' lang='grc' dir='ltr'><strong><em>τδν</em></strong></span> <span class='ocrx_word' id='word_1_18' title='bbox 931 505 1047 594; x_wconf 78' lang='grc' dir='ltr'><strong><em>ἀγῶνα</em></strong></span> <span class='ocrx_word' id='word_1_19' title='bbox 1068 516 1135 598; x_wconf 86' lang='grc' dir='ltr'><strong><em>καί,</em></strong></span> <span class='ocrx_word' id='word_1_20' title='bbox 1154 508 1177 574; x_wconf 92' lang='grc'>4</span> 
     </span>
     <span class='ocr_line' id='line_1_4' title="bbox 120 599 1160 704; baseline 0.01 -29"><span class='ocrx_word' id='word_1_21' title='bbox 120 612 152 676; x_wconf 87' lang='grc' dir='ltr'><strong><em>εί</em></strong></span> <span class='ocrx_word' id='word_1_22' title='bbox 188 599 312 694; x_wconf 86' lang='grc' dir='ltr'><strong><em>δεήσειΙ</em></strong></span> <span class='ocrx_word' id='word_1_23' title='bbox 334 613 558 698; x_wconf 78' lang='grc' dir='ltr'><strong><em>τειχομαχίας,</em></strong></span> <span class='ocrx_word' id='word_1_24' title='bbox 595 606 658 678; x_wconf 82' lang='grc' dir='ltr'><strong><em>ὅσα</em></strong></span> <span class='ocrx_word' id='word_1_25' title='bbox 693 615 739 704; x_wconf 76' lang='grc' dir='ltr'><strong><em>τῷ</em></strong></span> <span class='ocrx_word' id='word_1_26' title='bbox 777 612 919 704; x_wconf 86' lang='grc' dir='ltr'><strong><em>τοιούτφ</em></strong></span> <span class='ocrx_word' id='word_1_27' title='bbox 956 614 1160 704; x_wconf 65' lang='grc' dir='ltr'><strong><em>πρόσφοραΔ</em></strong></span> 
     </span>
     <span class='ocr_line' id='line_1_5' title="bbox 121 715 1135 806; baseline 0.011 -25"><span class='ocrx_word' id='word_1_28' title='bbox 121 720 207 806; x_wconf 84' lang='grc' dir='ltr'><strong><em>έργφ</em></strong></span> <span class='ocrx_word' id='word_1_29' title='bbox 231 715 524 804; x_wconf 78' lang='grc' dir='ltr'><strong><em>μηχανησάμενος,</em></strong></span> <span class='ocrx_word' id='word_1_30' title='bbox 551 718 622 787; x_wconf 85' lang='grc' dir='ltr'><strong><em>έπελ</em></strong></span> <span class='ocrx_word' id='word_1_31' title='bbox 649 715 710 800; x_wconf 86' lang='grc' dir='ltr'><strong><em>νύξ</em></strong></span> <span class='ocrx_word' id='word_1_32' title='bbox 738 720 870 805; x_wconf 82' lang='grc' dir='ltr'><strong><em>ἐγένετο</em></strong></span> <span class='ocrx_word' id='word_1_33' title='bbox 893 721 1073 792; x_wconf 77' lang='grc' dir='ltr'><strong><em>καθεύδων</em></strong></span> <span class='ocrx_word' id='word_1_34' title='bbox 1098 725 1135 792; x_wconf 86' lang='grc' dir='ltr'><strong><em>έν</em></strong></span> 
     </span>
     <span class='ocr_line' id='line_1_6' title="bbox 64 823 1161 920; baseline 0.011 -33"><span class='ocrx_word' id='word_1_35' title='bbox 64 823 164 908; x_wconf 78' lang='grc' dir='ltr'><strong><em>415τῆ</em></strong></span> <span class='ocrx_word' id='word_1_36' title='bbox 197 825 397 911; x_wconf 74' lang='grc' dir='ltr'><strong><em>στρατηγικῇ</em></strong></span> <span class='ocrx_word' id='word_1_37' title='bbox 426 827 533 912; x_wconf 87' lang='grc' dir='ltr'><strong><em>σκηνῆ</em></strong></span> <span class='ocrx_word' id='word_1_38' title='bbox 565 824 737 916; x_wconf 86' lang='grc' dir='ltr'><strong><em>παρούσης</em></strong></span> <span class='ocrx_word' id='word_1_39' title='bbox 769 824 859 920; x_wconf 75' lang='grc' dir='ltr'><strong><em>αὐτῷ</em></strong></span> <span class='ocrx_word' id='word_1_40' title='bbox 886 833 946 916; x_wconf 87' lang='grc' dir='ltr'><strong><em>τῆς</em></strong></span> <span class='ocrx_word' id='word_1_41' title='bbox 973 833 1161 911; x_wconf 75' lang='grc' dir='ltr'><strong><em>είωθυιάςο</em></strong></span> 
     </span>
     <span class='ocr_line' id='line_1_7' title="bbox 120 926 1135 1022; baseline 0.012 -28"><span class='ocrx_word' id='word_1_42' title='bbox 120 931 272 1014; x_wconf 76' lang='grc' dir='ltr'><strong><em>φυλακῆς</em></strong></span> <span class='ocrx_word' id='word_1_43' title='bbox 303 928 380 1013; x_wconf 75' lang='grc' dir='ltr'><strong><em>περὶ</em></strong></span> <span class='ocrx_word' id='word_1_44' title='bbox 415 926 477 996; x_wconf 88' lang='grc' dir='ltr'><strong><em>τὸν</em></strong></span> <span class='ocrx_word' id='word_1_45' title='bbox 504 927 637 1018; x_wconf 86' lang='grc' dir='ltr'><strong><em>όρθρον</em></strong></span> <span class='ocrx_word' id='word_1_46' title='bbox 668 927 855 1017; x_wconf 84' lang='grc' dir='ltr'><strong><em>εὑρίσκεται</em></strong></span> <span class='ocrx_word' id='word_1_47' title='bbox 888 935 1023 1022; x_wconf 84' lang='grc' dir='ltr'><strong><em>νεκρός,</em></strong></span> <span class='ocrx_word' id='word_1_48' title='bbox 1056 927 1135 1006; x_wconf 87' lang='grc' dir='ltr'><strong><em>ούτε</em></strong></span> 
     </span>
     <span class='ocr_line' id='line_1_8' title="bbox 120 1031 1137 1130; baseline 0.011 -30"><span class='ocrx_word' id='word_1_49' title='bbox 120 1037 251 1120; x_wconf 80' lang='grc' dir='ltr'><strong><em>σφαγῆς</em></strong></span> <span class='ocrx_word' id='word_1_50' title='bbox 287 1032 363 1103; x_wconf 85' lang='grc' dir='ltr'><strong><em>ούτε</em></strong></span> <span class='ocrx_word' id='word_1_51' title='bbox 399 1031 546 1122; x_wconf 78' lang='grc' dir='ltr'><strong><em>ἀγχόνης</em></strong></span> <span class='ocrx_word' id='word_1_52' title='bbox 583 1035 660 1106; x_wconf 87' lang='grc' dir='ltr'><strong><em>ούτε</em></strong></span> <span class='ocrx_word' id='word_1_53' title='bbox 696 1038 883 1127; x_wconf 83' lang='grc' dir='ltr'><strong><em>φαρμάκων</em></strong></span> <span class='ocrx_word' id='word_1_54' title='bbox 921 1039 998 1109; x_wconf 84' lang='grc' dir='ltr'><strong><em>ούτε</em></strong></span> <span class='ocrx_word' id='word_1_55' title='bbox 1030 1039 1137 1130; x_wconf 86' lang='grc' dir='ltr'><strong><em>ἀλλης</em></strong></span> 
     </span>
     <span class='ocr_line' id='line_1_9' title="bbox 117 1142 1133 1236; baseline 0.012 -30"><span class='ocrx_word' id='word_1_56' title='bbox 117 1143 233 1225; x_wconf 84' lang='grc' dir='ltr'><strong><em>βιαίου</em></strong></span> <span class='ocrx_word' id='word_1_57' title='bbox 248 1145 425 1230; x_wconf 85' lang='grc' dir='ltr'><strong><em>συμφοράς</em></strong></span> <span class='ocrx_word' id='word_1_58' title='bbox 443 1156 583 1229; x_wconf 77' lang='grc' dir='ltr'><strong><em>σημείου</em></strong></span> <span class='ocrx_word' id='word_1_59' title='bbox 599 1142 652 1211; x_wconf 83' lang='grc' dir='ltr'><strong><em>ἐπὶ</em></strong></span> <span class='ocrx_word' id='word_1_60' title='bbox 667 1147 729 1212; x_wconf 88' lang='grc' dir='ltr'><strong><em>τού</em></strong></span> <span class='ocrx_word' id='word_1_61' title='bbox 743 1143 897 1231; x_wconf 86' lang='grc' dir='ltr'><strong><em>σύματος</em></strong></span> <span class='ocrx_word' id='word_1_62' title='bbox 915 1145 1017 1216; x_wconf 76' lang='grc' dir='ltr'><strong><em>οὐδὲν</em></strong></span> <span class='ocrx_word' id='word_1_63' title='bbox 1038 1153 1133 1236; x_wconf 83' lang='grc' dir='ltr'><strong><em>ἔχων.</em></strong></span> 
     </span>
     <span class='ocr_line' id='line_1_10' title="bbox 211 1247 1134 1342; baseline 0.009 -26"><span class='ocrx_word' id='word_1_64' title='bbox 211 1249 251 1316; x_wconf 84' lang='lat' dir='ltr'><strong><em>V.</em></strong></span> <span class='ocrx_word' id='word_1_65' title='bbox 291 1247 497 1335; x_wconf 74' lang='grc' dir='ltr'><strong><em>Παραδόξου</em></strong></span> <span class='ocrx_word' id='word_1_66' title='bbox 539 1249 577 1316; x_wconf 74' lang='grc' dir='ltr'><strong><em>δὲ</em></strong></span> <span class='ocrx_word' id='word_1_67' title='bbox 617 1253 679 1318; x_wconf 87' lang='grc' dir='ltr'><strong><em>τού</em></strong></span> <span class='ocrx_word' id='word_1_68' title='bbox 720 1249 855 1332; x_wconf 81' lang='grc' dir='ltr'><strong><em>πάθους</em></strong></span> <span class='ocrx_word' id='word_1_69' title='bbox 898 1251 1008 1342; x_wconf 77' lang='grc' dir='ltr'><strong><em>ὥσπερ</em></strong></span> <span class='ocrx_word' id='word_1_70' title='bbox 1045 1253 1134 1336; x_wconf 83' lang='grc' dir='ltr'><strong><em>είκδς</em></strong></span> 
     </span>
     <span class='ocr_line' id='line_1_11' title="bbox 117 1349 1173 1451; baseline 0.01 -31"><span class='ocrx_word' id='word_1_71' title='bbox 117 1349 221 1421; x_wconf 78' lang='grc' dir='ltr'><strong><em>ἅπασι</em></strong></span> <span class='ocrx_word' id='word_1_72' title='bbox 249 1356 460 1442; x_wconf 78' lang='grc' dir='ltr'><strong><em>φαινομένου</em></strong></span> <span class='ocrx_word' id='word_1_73' title='bbox 491 1355 547 1422; x_wconf 83' lang='grc' dir='ltr'><strong><em>καλ</em></strong></span> <span class='ocrx_word' id='word_1_74' title='bbox 576 1359 779 1444; x_wconf 83' lang='grc' dir='ltr'><strong><em>ζητουμένης</em></strong></span> <span class='ocrx_word' id='word_1_75' title='bbox 810 1361 869 1445; x_wconf 88' lang='grc' dir='ltr'><strong><em>τῆς</em></strong></span> <span class='ocrx_word' id='word_1_76' title='bbox 900 1364 1008 1441; x_wconf 87' lang='grc' dir='ltr'><strong><em>αίτ-ίας</em></strong></span> <span class='ocrx_word' id='word_1_77' title='bbox 1037 1358 1132 1451; x_wconf 73' lang='grc' dir='ltr'><strong><em>(οὐδὲ</em></strong></span> <span class='ocrx_word' id='word_1_78' title='bbox 1147 1382 1173 1426; x_wconf 83' lang='lat'><strong><em>1⁰</em></strong></span> 
     </span>
     <span class='ocr_line' id='line_1_12' title="bbox 116 1458 1194 1556; baseline 0.01 -30"><span class='ocrx_word' id='word_1_79' title='bbox 116 1458 180 1549; x_wconf 84' lang='grc' dir='ltr'><strong><em>γὰρ</em></strong></span> <span class='ocrx_word' id='word_1_80' title='bbox 208 1459 314 1529; x_wconf 89' lang='grc' dir='ltr'><strong><em>νόσον</em></strong></span> <span class='ocrx_word' id='word_1_81' title='bbox 341 1463 624 1549; x_wconf 78' lang='grc' dir='ltr'><strong><em>προηγησαμένην</em></strong></span> <span class='ocrx_word' id='word_1_82' title='bbox 656 1459 727 1550; x_wconf 78' lang='grc' dir='ltr'><strong><em>εἶχέ</em></strong></span> <span class='ocrx_word' id='word_1_83' title='bbox 755 1490 805 1544; x_wconf 85' lang='grc' dir='ltr'><strong><em>τις</em></strong></span> <span class='ocrx_word' id='word_1_84' title='bbox 836 1465 1069 1556; x_wconf 75' lang='grc' dir='ltr'><strong><em>αἰτιάσασθαι)</em></strong></span> <span class='ocrx_word' id='word_1_85' title='bbox 1099 1472 1134 1536; x_wconf 83' lang='grc' dir='ltr'><strong><em>οί</em></strong></span> <span class='ocrx_word' id='word_1_86' title='bbox 1186 1469 1194 1482; x_wconf 69' lang='grc'><em>“</em></span> 
     </span>
     <span class='ocr_line' id='line_1_13' title="bbox 117 1565 1133 1662; baseline 0.009 -29"><span class='ocrx_word' id='word_1_87' title='bbox 117 1565 179 1653; x_wconf 69' lang='grc' dir='ltr'><strong><em>μὲν</em></strong></span> <span class='ocrx_word' id='word_1_88' title='bbox 203 1567 256 1634; x_wconf 85' lang='grc' dir='ltr'><strong><em>έπλ</em></strong></span> <span class='ocrx_word' id='word_1_89' title='bbox 277 1565 339 1654; x_wconf 87' lang='grc' dir='ltr'><strong><em>τῆν</em></strong></span> <span class='ocrx_word' id='word_1_90' title='bbox 362 1573 463 1636; x_wconf 83' lang='grc' dir='ltr'><strong><em>θείαν</em></strong></span> <span class='ocrx_word' id='word_1_91' title='bbox 486 1567 652 1657; x_wconf 89' lang='grc' dir='ltr'><strong><em>πρόνοιαν</em></strong></span> <span class='ocrx_word' id='word_1_92' title='bbox 676 1566 806 1648; x_wconf 85' lang='grc' dir='ltr'><strong><em>ἁπάσας</em></strong></span> <span class='ocrx_word' id='word_1_93' title='bbox 830 1569 889 1650; x_wconf 86' lang='grc' dir='ltr'><strong><em>τάς</em></strong></span> <span class='ocrx_word' id='word_1_94' title='bbox 911 1569 1133 1662; x_wconf 88' lang='grc' dir='ltr'><strong><em>ἀνθρωπίνας</em></strong></span> 
     </span>
     <span class='ocr_line' id='line_1_14' title="bbox 117 1671 1131 1765; baseline 0.005 -23"><span class='ocrx_word' id='word_1_95' title='bbox 117 1671 343 1761; x_wconf 83' lang='grc' dir='ltr'><strong><em>ἀναφέροντες</em></strong></span> <span class='ocrx_word' id='word_1_96' title='bbox 382 1673 485 1761; x_wconf 86' lang='grc' dir='ltr'><strong><em>τύχας</em></strong></span> <span class='ocrx_word' id='word_1_97' title='bbox 524 1672 607 1743; x_wconf 89' lang='grc' dir='ltr'><strong><em>κατδι</em></strong></span> <span class='ocrx_word' id='word_1_98' title='bbox 647 1674 750 1760; x_wconf 89' lang='grc' dir='ltr'><strong><em>χόλον</em></strong></span> <span class='ocrx_word' id='word_1_99' title='bbox 793 1677 973 1764; x_wconf 88' lang='grc' dir='ltr'><strong><em>δαιμόνιον</em></strong></span> <span class='ocrx_word' id='word_1_100' title='bbox 1015 1685 1131 1765; x_wconf 81' lang='grc' dir='ltr'><strong><em>ἔλεγον</em></strong></span> 
     </span>
     <span class='ocr_line' id='line_1_15' title="bbox 116 1777 1131 1871; baseline 0.006 -25"><span class='ocrx_word' id='word_1_101' title='bbox 116 1777 220 1848; x_wconf 81' lang='grc' dir='ltr'><strong><em>αὐτὸν</em></strong></span> <span class='ocrx_word' id='word_1_102' title='bbox 253 1777 457 1866; x_wconf 77' lang='grc' dir='ltr'><strong><em>ἀποθανεῖν,</em></strong></span> <span class='ocrx_word' id='word_1_103' title='bbox 491 1777 543 1848; x_wconf 84' lang='grc' dir='ltr'><strong><em>ότι</em></strong></span> <span class='ocrx_word' id='word_1_104' title='bbox 575 1778 723 1867; x_wconf 85' lang='grc' dir='ltr'><strong><em>πόλεμον</em></strong></span> <span class='ocrx_word' id='word_1_105' title='bbox 751 1781 906 1861; x_wconf 78' lang='grc' dir='ltr'><strong><em>ἐξέκαυσε</em></strong></span> <span class='ocrx_word' id='word_1_106' title='bbox 937 1785 978 1870; x_wconf 85' lang='grc' dir='ltr'><strong><em>τῆ</em></strong></span> <span class='ocrx_word' id='word_1_107' title='bbox 1010 1809 1131 1871; x_wconf 80' lang='grc' dir='ltr'><strong><em>μητρο·</em></strong></span> 
     </span>
     <span class='ocr_line' id='line_1_16' title="bbox 115 1883 1170 1978; baseline 0.002 -26"><span class='ocrx_word' id='word_1_108' title='bbox 115 1884 210 1954; x_wconf 86' lang='grc' dir='ltr'><strong><em>πόλει</em></strong></span> <span class='ocrx_word' id='word_1_109' title='bbox 240 1883 326 1972; x_wconf 81' lang='grc' dir='ltr'><strong><em>πρὸς</em></strong></span> <span class='ocrx_word' id='word_1_110' title='bbox 352 1883 414 1973; x_wconf 86' lang='grc' dir='ltr'><strong><em>τῆν</em></strong></span> <span class='ocrx_word' id='word_1_111' title='bbox 444 1883 620 1955; x_wconf 82' lang='grc' dir='ltr'><strong><em>ἀπόκτισιν</em></strong></span> <span class='ocrx_word' id='word_1_112' title='bbox 651 1883 729 1954; x_wconf 86' lang='grc' dir='ltr'><strong><em>ούτε</em></strong></span> <span class='ocrx_word' id='word_1_113' title='bbox 760 1889 892 1957; x_wconf 91' lang='grc' dir='ltr'><strong><em>δίκαιον</em></strong></span> <span class='ocrx_word' id='word_1_114' title='bbox 924 1887 1001 1957; x_wconf 87' lang='grc' dir='ltr'><strong><em>ούτε</em></strong></span> <span class='ocrx_word' id='word_1_115' title='bbox 1028 1887 1130 1978; x_wconf 91' lang='grc' dir='ltr'><strong><em>ἀναγ-</em></strong></span> <span class='ocrx_word' id='word_1_116' title='bbox 1144 1912 1170 1954; x_wconf 87' lang='lat'><strong><em>15</em></strong></span> 
     </span>
     <span class='ocr_line' id='line_1_17' title="bbox 115 1989 1130 2083; baseline 0.007 -25"><span class='ocrx_word' id='word_1_117' title='bbox 115 2005 227 2060; x_wconf 79' lang='grc' dir='ltr'><strong><em>καῖον·</em></strong></span> <span class='ocrx_word' id='word_1_118' title='bbox 261 1997 296 2060; x_wconf 82' lang='grc' dir='ltr'><strong><em>ολ</em></strong></span> <span class='ocrx_word' id='word_1_119' title='bbox 326 1991 363 2060; x_wconf 77' lang='grc' dir='ltr'><strong><em>δὲ</em></strong></span> <span class='ocrx_word' id='word_1_120' title='bbox 399 1991 629 2080; x_wconf 88' lang='grc' dir='ltr'><strong><em>χρηματισμὸν</em></strong></span> <span class='ocrx_word' id='word_1_121' title='bbox 665 1989 850 2080; x_wconf 82' lang='grc' dir='ltr'><strong><em>ἡγούμενοι</em></strong></span> <span class='ocrx_word' id='word_1_122' title='bbox 886 1993 946 2063; x_wconf 90' lang='grc' dir='ltr'><strong><em>τὸν</em></strong></span> <span class='ocrx_word' id='word_1_123' title='bbox 982 1995 1130 2083; x_wconf 87' lang='grc' dir='ltr'><strong><em>πόλεμον</em></strong></span> 
     </span>
     <span class='ocr_line' id='line_1_18' title="bbox 114 2097 1131 2188; baseline 0.004 -22"><span class='ocrx_word' id='word_1_124' title='bbox 114 2099 171 2166; x_wconf 85' lang='grc' dir='ltr'><strong><em>καλ</em></strong></span> <span class='ocrx_word' id='word_1_125' title='bbox 198 2099 352 2186; x_wconf 88' lang='grc' dir='ltr'><strong><em>μεγάλων</em></strong></span> <span class='ocrx_word' id='word_1_126' title='bbox 381 2097 631 2188; x_wconf 87' lang='grc' dir='ltr'><strong><em>ἀπεστερῆσθαι</em></strong></span> <span class='ocrx_word' id='word_1_127' title='bbox 662 2104 855 2187; x_wconf 79' lang='grc' dir='ltr'><strong><em>νομίζοντες</em></strong></span> <span class='ocrx_word' id='word_1_128' title='bbox 884 2098 1055 2187; x_wconf 76' lang='grc' dir='ltr'><strong><em>ὠφελειῶν</em></strong></span> <span class='ocrx_word' id='word_1_129' title='bbox 1084 2107 1131 2182; x_wconf 85' lang='grc' dir='ltr'><strong><em>είς</em></strong></span> 
     </span>
     <span class='ocr_line' id='line_1_19' title="bbox 115 2203 1130 2296; baseline 0.005 -24"><span class='ocrx_word' id='word_1_130' title='bbox 115 2204 298 2293; x_wconf 82' lang='grc' dir='ltr'><strong><em>ἐπιβουλὴν</em></strong></span> <span class='ocrx_word' id='word_1_131' title='bbox 320 2205 377 2274; x_wconf 86' lang='grc' dir='ltr'><strong><em>καὶ</em></strong></span> <span class='ocrx_word' id='word_1_132' title='bbox 400 2205 538 2293; x_wconf 87' lang='grc' dir='ltr'><strong><em>φθόνον</em></strong></span> <span class='ocrx_word' id='word_1_133' title='bbox 561 2203 785 2294; x_wconf 79' lang='grc' dir='ltr'><strong><em>ἀνθρώπινον</em></strong></span> <span class='ocrx_word' id='word_1_134' title='bbox 807 2205 846 2274; x_wconf 88' lang='grc' dir='ltr'><strong><em>τδ</em></strong></span> <span class='ocrx_word' id='word_1_135' title='bbox 871 2211 972 2296; x_wconf 79' lang='grc' dir='ltr'><strong><em>ἔργον</em></strong></span> <span class='ocrx_word' id='word_1_136' title='bbox 996 2211 1130 2296; x_wconf 88' lang='grc' dir='ltr'><strong><em>μετέφε-</em></strong></span> 
     </span>
     <span class='ocr_line' id='line_1_20' title="bbox 115 2303 1129 2402; baseline 0.004 -23"><span class='ocrx_word' id='word_1_137' title='bbox 115 2337 178 2397; x_wconf 90' lang='grc' dir='ltr'><strong><em>ρον</em></strong></span> <span class='ocrx_word' id='word_1_138' title='bbox 202 2310 396 2398; x_wconf 83' lang='grc' dir='ltr'><strong><em>αίτιύμενοι</em></strong></span> <span class='ocrx_word' id='word_1_139' title='bbox 423 2315 490 2380; x_wconf 79' lang='grc' dir='ltr'><strong><em>τεόν</em></strong></span> <span class='ocrx_word' id='word_1_140' title='bbox 519 2309 867 2399; x_wconf 81' lang='grc' dir='ltr'><strong><em>ἀντιπολιτευομένων</em></strong></span> <span class='ocrx_word' id='word_1_141' title='bbox 894 2310 989 2393; x_wconf 85' lang='grc' dir='ltr'><strong><em>τινὰς</em></strong></span> <span class='ocrx_word' id='word_1_142' title='bbox 1013 2303 1129 2402; x_wconf 84' lang='grc' dir='ltr'><strong><em>ἀφανῆ</em></strong></span> 
     </span>
     <span class='ocr_line' id='line_1_21' title="bbox 114 2416 1170 2506; baseline 0.002 -20"><span class='ocrx_word' id='word_1_143' title='bbox 114 2419 170 2486; x_wconf 85' lang='grc' dir='ltr'><strong><em>καὶ</em></strong></span> <span class='ocrx_word' id='word_1_144' title='bbox 195 2420 431 2506; x_wconf 76' lang='grc' dir='ltr'><strong><em>δυσεξέλεγκτα</em></strong></span> <span class='ocrx_word' id='word_1_145' title='bbox 450 2416 647 2504; x_wconf 81' lang='grc' dir='ltr'><strong><em>ἐξευρόντας</em></strong></span> <span class='ocrx_word' id='word_1_146' title='bbox 665 2417 825 2506; x_wconf 91' lang='grc' dir='ltr'><strong><em>φάρμακα</em></strong></span> <span class='ocrx_word' id='word_1_147' title='bbox 844 2417 901 2486; x_wconf 90' lang='grc' dir='ltr'><strong><em>διά</em></strong></span> <span class='ocrx_word' id='word_1_148' title='bbox 920 2419 1050 2488; x_wconf 90' lang='grc' dir='ltr'><strong><em>τούτων</em></strong></span> <span class='ocrx_word' id='word_1_149' title='bbox 1069 2419 1129 2490; x_wconf 88' lang='grc' dir='ltr'><strong><em>τὸν</em></strong></span> <span class='ocrx_word' id='word_1_150' title='bbox 1143 2439 1170 2482; x_wconf 73' lang='lat'><strong><em>2⁰</em></strong></span> 
     </span>
     <span class='ocr_line' id='line_1_22' title="bbox 114 2522 1168 2614; baseline 0.001 -21"><span class='ocrx_word' id='word_1_151' title='bbox 114 2524 225 2614; x_wconf 86' lang='grc' dir='ltr'><strong><em>ἀνδρα</em></strong></span> <span class='ocrx_word' id='word_1_152' title='bbox 243 2524 461 2614; x_wconf 88' lang='grc' dir='ltr'><strong><em>ἀνηρηκέναι·</em></strong></span> <span class='ocrx_word' id='word_1_153' title='bbox 490 2527 525 2594; x_wconf 76' lang='grc' dir='ltr'><strong><em>οἱ</em></strong></span> <span class='ocrx_word' id='word_1_154' title='bbox 544 2524 582 2593; x_wconf 74' lang='grc' dir='ltr'><strong><em>δὲ</em></strong></span> <span class='ocrx_word' id='word_1_155' title='bbox 602 2523 667 2594; x_wconf 82' lang='grc' dir='ltr'><strong><em>ὑπὸ</em></strong></span> <span class='ocrx_word' id='word_1_156' title='bbox 687 2524 794 2612; x_wconf 88' lang='grc' dir='ltr'><strong><em>λύπης</em></strong></span> <span class='ocrx_word' id='word_1_157' title='bbox 811 2551 846 2594; x_wconf 83' lang='grc' dir='ltr'><strong><em>τε</em></strong></span> <span class='ocrx_word' id='word_1_158' title='bbox 863 2525 921 2594; x_wconf 82' lang='grc' dir='ltr'><strong><em>καί</em></strong></span> <span class='ocrx_word' id='word_1_159' title='bbox 943 2522 1130 2613; x_wconf 87' lang='grc' dir='ltr'><strong><em>ἀμηχανίας</em></strong></span> <span class='ocrx_word' id='word_1_160' title='bbox 1148 2531 1168 2594; x_wconf 80' lang='grc'><strong><em>2</em></strong></span> 
     </span>
     <span class='ocr_line' id='line_1_23' title="bbox 113 2630 1128 2725; baseline 0 -23"><span class='ocrx_word' id='word_1_161' title='bbox 113 2633 344 2722; x_wconf 88' lang='grc' dir='ltr'><strong><em>κρατούμενον</em></strong></span> <span class='ocrx_word' id='word_1_162' title='bbox 373 2633 515 2725; x_wconf 80' lang='grc' dir='ltr'><strong><em>ἑκουσίῳ</em></strong></span> <span class='ocrx_word' id='word_1_163' title='bbox 544 2631 735 2720; x_wconf 89' lang='grc' dir='ltr'><strong><em>χρῆσασθαι</em></strong></span> <span class='ocrx_word' id='word_1_164' title='bbox 761 2636 897 2721; x_wconf 85' lang='grc' dir='ltr'><strong><em>τελευτῆ</em></strong></span> <span class='ocrx_word' id='word_1_165' title='bbox 922 2630 1025 2704; x_wconf 84' lang='grc' dir='ltr'><strong><em>αὐτὸν</em></strong></span> <span class='ocrx_word' id='word_1_166' title='bbox 1049 2639 1128 2721; x_wconf 87' lang='grc' dir='ltr'><strong><em>έφα-</em></strong></span> 
     </span>
     <span class='ocr_line' id='line_1_24' title="bbox 56 2737 1128 2827; baseline 0 -19"><span class='ocrx_word' id='word_1_167' title='bbox 56 2758 198 2826; x_wconf 76' lang='grc' dir='ltr'><strong><em>416σαν,</em></strong></span> <span class='ocrx_word' id='word_1_168' title='bbox 236 2738 350 2826; x_wconf 82' lang='grc' dir='ltr'><strong><em>ἐπειδὴ</em></strong></span> <span class='ocrx_word' id='word_1_169' title='bbox 382 2739 491 2808; x_wconf 90' lang='grc' dir='ltr'><strong><em>πάντα</em></strong></span> <span class='ocrx_word' id='word_1_170' title='bbox 528 2737 652 2826; x_wconf 83' lang='grc' dir='ltr'><strong><em>χαλεπὰ</em></strong></span> <span class='ocrx_word' id='word_1_171' title='bbox 687 2739 743 2806; x_wconf 81' lang='grc' dir='ltr'><strong><em>καί</em></strong></span> <span class='ocrx_word' id='word_1_172' title='bbox 780 2737 890 2827; x_wconf 85' lang='grc' dir='ltr'><strong><em>ἀπορα</em></strong></span> <span class='ocrx_word' id='word_1_173' title='bbox 927 2741 1128 2825; x_wconf 80' lang='grc' dir='ltr'><strong><em>συνέβαινεν</em></strong></span> 
     </span>
     <span class='ocr_line' id='line_1_25' title="bbox 113 2843 1126 2937; baseline -0.002 -23"><span class='ocrx_word' id='word_1_174' title='bbox 113 2844 204 2937; x_wconf 75' lang='grc' dir='ltr'><strong><em>αύτςδ</em></strong></span> <span class='ocrx_word' id='word_1_175' title='bbox 236 2847 292 2914; x_wconf 79' lang='grc' dir='ltr'><strong><em>καὶ</em></strong></span> <span class='ocrx_word' id='word_1_176' title='bbox 325 2843 427 2914; x_wconf 75' lang='grc' dir='ltr'><strong><em>οὐδὲν</em></strong></span> <span class='ocrx_word' id='word_1_177' title='bbox 460 2845 577 2933; x_wconf 87' lang='grc' dir='ltr'><strong><em>έχύρει</em></strong></span> <span class='ocrx_word' id='word_1_178' title='bbox 609 2843 691 2914; x_wconf 83' lang='grc' dir='ltr'><strong><em>κατὰ</em></strong></span> <span class='ocrx_word' id='word_1_179' title='bbox 723 2847 809 2914; x_wconf 85' lang='grc' dir='ltr'><strong><em>νοῦν</em></strong></span> <span class='ocrx_word' id='word_1_180' title='bbox 837 2848 905 2914; x_wconf 76' lang='grc' dir='ltr'><strong><em>τῶν</em></strong></span> <span class='ocrx_word' id='word_1_181' title='bbox 933 2847 970 2914; x_wconf 82' lang='grc' dir='ltr'><strong><em>ἐν</em></strong></span> <span class='ocrx_word' id='word_1_182' title='bbox 1000 2843 1126 2933; x_wconf 77' lang='grc' dir='ltr'><strong><em>ἀρχαῖς,</em></strong></span> 
     </span>
     <span class='ocr_line' id='line_1_26' title="bbox 113 2948 1166 3042; baseline -0.001 -23"><span class='ocrx_word' id='word_1_183' title='bbox 113 2949 168 3020; x_wconf 87' lang='grc' dir='ltr'><strong><em>ότε</em></strong></span> <span class='ocrx_word' id='word_1_184' title='bbox 191 2956 239 3032; x_wconf 88' lang='grc' dir='ltr'><strong><em>είς</em></strong></span> <span class='ocrx_word' id='word_1_185' title='bbox 261 2951 302 3021; x_wconf 82' lang='grc' dir='ltr'><strong><em>τὰ</em></strong></span> <span class='ocrx_word' id='word_1_186' title='bbox 319 2951 500 3041; x_wconf 89' lang='grc' dir='ltr'><strong><em>πράγματα</em></strong></span> <span class='ocrx_word' id='word_1_187' title='bbox 523 2952 638 3042; x_wconf 85' lang='grc' dir='ltr'><strong><em>είσῆει,</em></strong></span> <span class='ocrx_word' id='word_1_188' title='bbox 660 2953 980 3039; x_wconf 82' lang='grc' dir='ltr'><strong><em>προσδοκηθέντων·</em></strong></span> <span class='ocrx_word' id='word_1_189' title='bbox 1002 2963 1073 3030; x_wconf 80' lang='grc' dir='ltr'><strong><em>τοϊς</em></strong></span> <span class='ocrx_word' id='word_1_190' title='bbox 1092 2948 1123 3018; x_wconf 86' lang='grc' dir='ltr'><strong><em>δ’</em></strong></span> <span class='ocrx_word' id='word_1_191' title='bbox 1141 2959 1166 3002; x_wconf 74' lang='lat'><strong><em>2⁵</em></strong></span> 
     </span>
     <span class='ocr_line' id='line_1_27' title="bbox 113 3050 1127 3146; baseline -0.002 -20"><span class='ocrx_word' id='word_1_192' title='bbox 113 3056 206 3138; x_wconf 90' lang='grc' dir='ltr'><strong><em>ε’κτδς</em></strong></span> <span class='ocrx_word' id='word_1_193' title='bbox 230 3050 306 3126; x_wconf 82' lang='grc' dir='ltr'><strong><em>οὖσι</em></strong></span> <span class='ocrx_word' id='word_1_194' title='bbox 330 3063 444 3145; x_wconf 90' lang='grc' dir='ltr'><strong><em>φιλίας</em></strong></span> <span class='ocrx_word' id='word_1_195' title='bbox 462 3084 497 3127; x_wconf 90' lang='grc' dir='ltr'><strong><em>τε</em></strong></span> <span class='ocrx_word' id='word_1_196' title='bbox 515 3059 571 3126; x_wconf 82' lang='grc' dir='ltr'><strong><em>καὶ</em></strong></span> <span class='ocrx_word' id='word_1_197' title='bbox 591 3063 714 3146; x_wconf 81' lang='grc' dir='ltr'><strong><em>ἔχθρας</em></strong></span> <span class='ocrx_word' id='word_1_198' title='bbox 732 3060 791 3144; x_wconf 87' lang='grc' dir='ltr'><strong><em>τῆς</em></strong></span> <span class='ocrx_word' id='word_1_199' title='bbox 809 3054 892 3143; x_wconf 90' lang='grc' dir='ltr'><strong><em>πρὸς</em></strong></span> <span class='ocrx_word' id='word_1_200' title='bbox 910 3054 970 3124; x_wconf 88' lang='grc' dir='ltr'><strong><em>τὸν</em></strong></span> <span class='ocrx_word' id='word_1_201' title='bbox 990 3075 1127 3145; x_wconf 85' lang='grc' dir='ltr'><strong><em>στρατη-</em></strong></span> 
     </span>
    </p>
   </div>
   <div class='ocr_carea' id='block_1_3' title="bbox 112 3283 1128 3574">
    <p class='ocr_par' dir='ltr' id='par_1_3' title="bbox 112 3283 1128 3574">
     <span class='ocr_line' id='line_1_28' title="bbox 186 3283 1128 3358; baseline -0.001 -15"><span class='ocrx_word' id='word_1_202' title='bbox 186 3295 219 3346; x_wconf 88' lang='grc'><strong><em>10</em></strong></span> <span class='ocrx_word' id='word_1_203' title='bbox 248 3286 312 3344; x_wconf 86' lang='grc' dir='ltr'><strong><em>ούτε</em></strong></span> <span class='ocrx_word' id='word_1_204' title='bbox 341 3289 364 3344; x_wconf 94' lang='grc'>0</span> <span class='ocrx_word' id='word_1_205' title='bbox 397 3283 466 3344; x_wconf 77' lang='grc' dir='ltr'><strong><em>ούδὲ</em></strong></span> <span class='ocrx_word' id='word_1_206' title='bbox 498 3288 601 3344; x_wconf 76' lang='lat' dir='ltr'>Reiske</span> <span class='ocrx_word' id='word_1_207' title='bbox 701 3293 734 3342; x_wconf 92' lang='lat'><strong><em>11</em></strong></span> <span class='ocrx_word' id='word_1_208' title='bbox 763 3285 812 3356; x_wconf 84' lang='grc' dir='ltr'><strong><em>τῆς</em></strong></span> <span class='ocrx_word' id='word_1_209' title='bbox 843 3283 1056 3358; x_wconf 66' lang='grc' dir='ltr'><strong><em>αἰτίαςλῆάοθαι</em></strong></span> <span class='ocrx_word' id='word_1_210' title='bbox 1082 3288 1128 3342; x_wconf 73' lang='lat' dir='ltr'><strong><em>Ba</em></strong></span> 
     </span>
     <span class='ocr_line' id='line_1_29' title="bbox 113 3353 1127 3430; baseline -0.001 -16"><span class='ocrx_word' id='word_1_211' title='bbox 113 3366 148 3415; x_wconf 85' lang='lat'><strong><em>15</em></strong></span> <span class='ocrx_word' id='word_1_212' title='bbox 167 3355 360 3430; x_wconf 84' lang='grc' dir='ltr'><strong><em>άπόκτηαινΒ</em></strong></span> <span class='ocrx_word' id='word_1_213' title='bbox 433 3366 469 3416; x_wconf 80' lang='grc'><strong><em>20</em></strong></span> <span class='ocrx_word' id='word_1_214' title='bbox 487 3357 673 3427; x_wconf 85' lang='grc' dir='ltr'><strong><em>δυσεξέλεκτα</em></strong></span> <span class='ocrx_word' id='word_1_215' title='bbox 687 3359 762 3414; x_wconf 78' lang='grc' dir='ltr'><strong><em>ΑΒο</em></strong></span> <span class='ocrx_word' id='word_1_216' title='bbox 778 3360 782 3427; x_wconf 76' lang='grc' dir='ltr'>Ι</span> <span class='ocrx_word' id='word_1_217' title='bbox 800 3353 1003 3427; x_wconf 83' lang='grc' dir='ltr'><strong><em>έξευρόνταςΒ</em></strong></span> <span class='ocrx_word' id='word_1_218' title='bbox 1028 3353 1127 3428; x_wconf 85' lang='grc' dir='ltr'><strong><em>εύρόν-</em></strong></span> 
     </span>
     <span class='ocr_line' id='line_1_30' title="bbox 112 3426 1127 3518; baseline -0.002 -33"><span class='ocrx_word' id='word_1_219' title='bbox 112 3431 207 3494; x_wconf 79' lang='grc' dir='ltr'><strong><em>ταςΡι</em></strong></span> <span class='ocrx_word' id='word_1_220' title='bbox 284 3437 318 3487; x_wconf 77' lang='lat'><strong><em>22</em></strong></span> <span class='ocrx_word' id='word_1_221' title='bbox 341 3426 536 3502; x_wconf 86' lang='grc' dir='ltr'><strong><em>κρατούμενον</em></strong></span> <span class='ocrx_word' id='word_1_222' title='bbox 560 3431 614 3487; x_wconf 81' lang='grc' dir='ltr'><strong><em>δελ.</em></strong></span> <span class='ocrx_word' id='word_1_223' title='bbox 639 3430 728 3486; x_wconf 73' lang='grc' dir='ltr'><strong><em>Οοθοδ</em></strong></span> <span class='ocrx_word' id='word_1_224' title='bbox 750 3428 853 3484; x_wconf 83' lang='lat' dir='ltr'><strong>Mnem.</strong></span> <span class='ocrx_word' id='word_1_225' title='bbox 877 3427 917 3484; x_wconf 86' lang='lat' dir='ltr'><strong><em>IX</em></strong></span> <span class='ocrx_word' id='word_1_226' title='bbox 939 3447 971 3518; x_wconf 68' lang='grc' dir='ltr'><strong><em>μ.</em></strong></span> <span class='ocrx_word' id='word_1_227' title='bbox 991 3435 1043 3484; x_wconf 85' lang='grc'><strong><em>319</em></strong></span> <span class='ocrx_word' id='word_1_228' title='bbox 1071 3428 1127 3484; x_wconf 81' lang='lat' dir='ltr'><strong>def.</strong></span> 
     </span>
     <span class='ocr_line' id='line_1_31' title="bbox 112 3499 1098 3574; baseline -0.002 -20"><span class='ocrx_word' id='word_1_229' title='bbox 112 3500 255 3573; x_wconf 80' lang='lat' dir='ltr'>Kiessling</span> <span class='ocrx_word' id='word_1_230' title='bbox 273 3503 317 3558; x_wconf 89' lang='lat' dir='ltr'><strong><em>Pr.</em></strong></span> <span class='ocrx_word' id='word_1_231' title='bbox 336 3503 399 3558; x_wconf 83' lang='grc' dir='ltr'><strong><em>Βεε.</em></strong></span> <span class='ocrx_word' id='word_1_232' title='bbox 418 3521 445 3574; x_wconf 86' lang='lat' dir='ltr'><strong><em>p.</em></strong></span> <span class='ocrx_word' id='word_1_233' title='bbox 467 3508 510 3573; x_wconf 90' lang='grc'><strong><em>10,</em></strong></span> <span class='ocrx_word' id='word_1_234' title='bbox 529 3503 626 3574; x_wconf 78' lang='lat' dir='ltr'>Tegge</span> <span class='ocrx_word' id='word_1_235' title='bbox 648 3519 676 3572; x_wconf 87' lang='lat' dir='ltr'><strong><em>p.</em></strong></span> <span class='ocrx_word' id='word_1_236' title='bbox 696 3506 731 3556; x_wconf 82' lang='lat'><strong><em>34</em></strong></span> <span class='ocrx_word' id='word_1_237' title='bbox 749 3501 807 3557; x_wconf 79' lang='lat' dir='ltr'><strong>not.</strong></span> <span class='ocrx_word' id='word_1_238' title='bbox 881 3505 915 3556; x_wconf 77' lang='lat'><strong><em>23</em></strong></span> <span class='ocrx_word' id='word_1_239' title='bbox 934 3519 1049 3556; x_wconf 88' lang='grc' dir='ltr'><strong><em>απαντα</em></strong></span> <span class='ocrx_word' id='word_1_240' title='bbox 1068 3499 1098 3557; x_wconf 66' lang='lat' dir='ltr'><strong><em>Os</em></strong></span> 
     </span>
    </p>
   </div>
   <div class='ocr_carea' id='block_1_4' title="bbox 912 3588 964 3644">
    <p class='ocr_par' dir='ltr' id='par_1_4' title="bbox 912 3588 964 3644">
     <span class='ocr_line' id='line_1_32' title="bbox 912 3588 964 3644; baseline 0.038 -2"><span class='ocrx_word' id='word_1_241' title='bbox 912 3588 964 3644; x_wconf 80' lang='lat'><strong><em>18*</em></strong></span> 
     </span>
    </p>
   </div>
   <div class='ocr_carea' id='block_1_5' title="bbox 0 0 1346 3982">
    <p class='ocr_par' dir='ltr' id='par_1_5' title="bbox 0 0 1346 3982">
     <span class='ocr_line' id='line_1_33' title="bbox 0 0 1346 3982; baseline 0 3"><span class='ocrx_word' id='word_1_242' title='bbox 0 0 1346 3982; x_wconf 95' lang='lat' dir='ltr'><strong><em> </em></strong></span> 
     </span>
    </p>
   </div>
  </div>
 </body>
</html>
