<?xml version="1.0" encoding="UTF-8"?>
<!DOCTYPE html PUBLIC "-//W3C//DTD XHTML 1.0 Transitional//EN"
    "http://www.w3.org/TR/xhtml1/DTD/xhtml1-transitional.dtd">
<html xmlns="http://www.w3.org/1999/xhtml" xml:lang="en" lang="en">
 <head>
  <title>
</title>
<meta http-equiv="Content-Type" content="text/html;charset=utf-8" />
  <meta name='ocr-system' content='tesseract 3.04.00' />
  <meta name='ocr-capabilities' content='ocr_page ocr_carea ocr_par ocr_line ocrx_word'/>
</head>
<body>
  <div class='ocr_page' id='page_1' title='image "./dionysihalicarn05diongoog_0402.png"; bbox 0 0 2660 3986; ppageno 0'>
   <div class='ocr_carea' id='block_1_1' title="bbox 558 224 724 275">
    <p class='ocr_par' dir='ltr' id='par_1_1' title="bbox 558 224 724 275">
     <span class='ocr_line' id='line_1_1' title="bbox 558 224 724 275; baseline 0.006 -14"><span class='ocrx_word' id='word_1_1' title='bbox 558 224 724 275; x_wconf 82' lang='grc' dir='ltr'>..Γ...</span> 
     </span>
    </p>
   </div>
   <div class='ocr_carea' id='block_1_2' title="bbox 1 375 1187 2385">
    <p class='ocr_par' dir='ltr' id='par_1_2' title="bbox 1 375 1187 2385">
     <span class='ocr_line' id='line_1_2' title="bbox 28 375 1147 471; baseline -0.004 -19"><span class='ocrx_word' id='word_1_2' title='bbox 28 423 29 426; x_wconf 34' lang='lat'>¹</span> <span class='ocrx_word' id='word_1_3' title='bbox 133 383 381 471; x_wconf 80' lang='grc' dir='ltr'><strong><em>σῦμβολα·τῇς</em></strong></span> <span class='ocrx_word' id='word_1_4' title='bbox 416 378 613 469; x_wconf 77' lang='grc' dir='ltr'><em>ἡγεμονίας,</em></span> <span class='ocrx_word' id='word_1_5' title='bbox 650 375 700 460; x_wconf 83' lang='grc' dir='ltr'><strong><em>οἷς</em></strong></span> <span class='ocrx_word' id='word_1_6' title='bbox 737 379 903 468; x_wconf 79' lang='grc' dir='ltr'><strong><em>ἐκόσμουν</em></strong></span> <span class='ocrx_word' id='word_1_7' title='bbox 940 377 1037 448; x_wconf 81' lang='grc' dir='ltr'><strong><em>αὐτοὶ</em></strong></span> <span class='ocrx_word' id='word_1_8' title='bbox 1068 377 1147 461; x_wconf 86' lang='grc' dir='ltr'><strong><em>τοῦς</em></strong></span> 
     </span>
     <span class='ocr_line' id='line_1_3' title="bbox 133 485 1146 577; baseline -0.003 -19"><span class='ocrx_word' id='word_1_9' title='bbox 133 490 317 577; x_wconf 77' lang='grc' dir='ltr'><strong><em>σφετέρους</em></strong></span> <span class='ocrx_word' id='word_1_10' title='bbox 342 493 502 575; x_wconf 78' lang='grc' dir='ltr'><strong><em>βασιλεῖς,</em></strong></span> <span class='ocrx_word' id='word_1_11' title='bbox 529 493 720 575; x_wconf 76' lang='grc' dir='ltr'><strong><em>κομίζοντες</em></strong></span> <span class='ocrx_word' id='word_1_12' title='bbox 750 486 920 574; x_wconf 87' lang='grc' dir='ltr'><strong><em>στεφανόν</em></strong></span> <span class='ocrx_word' id='word_1_13' title='bbox 942 513 977 556; x_wconf 91' lang='grc' dir='ltr'><strong><em>τε</em></strong></span> <span class='ocrx_word' id='word_1_14' title='bbox 1000 485 1146 574; x_wconf 81' lang='grc' dir='ltr'><strong><em>χρύσεον</em></strong></span> 
     </span>
     <span class='ocr_line' id='line_1_4' title="bbox 132 590 1146 684; baseline -0.004 -19"><span class='ocrx_word' id='word_1_15' title='bbox 132 599 189 665; x_wconf 81' lang='grc' dir='ltr'><strong><em>καί</em></strong></span> <span class='ocrx_word' id='word_1_16' title='bbox 211 594 345 684; x_wconf 78' lang='grc' dir='ltr'><strong><em>θρόνον</em></strong></span> <span class='ocrx_word' id='word_1_17' title='bbox 368 593 590 682; x_wconf 78' lang='grc' dir='ltr'><strong><em>ἐλεφάντινον</em></strong></span> <span class='ocrx_word' id='word_1_18' title='bbox 613 594 669 662; x_wconf 81' lang='grc' dir='ltr'><strong><em>καὶ</em></strong></span> <span class='ocrx_word' id='word_1_19' title='bbox 688 595 857 682; x_wconf 79' lang='grc' dir='ltr'><strong><em>σκῆπτρον</em></strong></span> <span class='ocrx_word' id='word_1_20' title='bbox 877 590 977 662; x_wconf 87' lang='grc' dir='ltr'><strong><em>άετὸν</em></strong></span> <span class='ocrx_word' id='word_1_21' title='bbox 996 598 1073 680; x_wconf 81' lang='grc' dir='ltr'><strong><em>ἔχον</em></strong></span> <span class='ocrx_word' id='word_1_22' title='bbox 1093 593 1146 663; x_wconf 80' lang='grc' dir='ltr'><strong><em>έπλ</em></strong></span> 
     </span>
     <span class='ocr_line' id='line_1_5' title="bbox 132 698 1147 790; baseline -0.004 -18"><span class='ocrx_word' id='word_1_23' title='bbox 132 707 191 790; x_wconf 81' lang='grc' dir='ltr'><strong><em>τῆς</em></strong></span> <span class='ocrx_word' id='word_1_24' title='bbox 216 705 364 790; x_wconf 78' lang='grc' dir='ltr'><strong><em>κεφαλῆς</em></strong></span> <span class='ocrx_word' id='word_1_25' title='bbox 395 700 520 788; x_wconf 82' lang='grc' dir='ltr'><strong><em>χιτῦνά</em></strong></span> <span class='ocrx_word' id='word_1_26' title='bbox 546 727 581 770; x_wconf 86' lang='grc' dir='ltr'><strong><em>τε</em></strong></span> <span class='ocrx_word' id='word_1_27' title='bbox 612 705 815 790; x_wconf 77' lang='grc' dir='ltr'><strong><em>πορφυροῦν</em></strong></span> <span class='ocrx_word' id='word_1_28' title='bbox 846 698 1063 789; x_wconf 80' lang='grc' dir='ltr'><strong><em>χρυσόσημον</em></strong></span> <span class='ocrx_word' id='word_1_29' title='bbox 1090 699 1147 768; x_wconf 79' lang='grc' dir='ltr'><strong><em>καὶ</em></strong></span> 
     </span>
     <span class='ocr_line' id='line_1_6' title="bbox 132 801 1173 898; baseline -0.004 -20"><span class='ocrx_word' id='word_1_30' title='bbox 132 808 351 898; x_wconf 79' lang='grc' dir='ltr'><strong><em>περιβόλαιον</em></strong></span> <span class='ocrx_word' id='word_1_31' title='bbox 373 811 576 898; x_wconf 79' lang='grc' dir='ltr'><strong><em>πορφυροῦν</em></strong></span> <span class='ocrx_word' id='word_1_32' title='bbox 602 812 774 894; x_wconf 89' lang='grc' dir='ltr'><strong><em>ποικίλον,</em></strong></span> <span class='ocrx_word' id='word_1_33' title='bbox 802 801 857 875; x_wconf 82' lang='grc' dir='ltr'><strong><em>οἷα</em></strong></span> <span class='ocrx_word' id='word_1_34' title='bbox 879 809 1006 875; x_wconf 86' lang='grc' dir='ltr'><strong><em>Λυδῦν</em></strong></span> <span class='ocrx_word' id='word_1_35' title='bbox 1033 831 1068 874; x_wconf 90' lang='grc' dir='ltr'><strong><em>τε</em></strong></span> <span class='ocrx_word' id='word_1_36' title='bbox 1090 805 1173 874; x_wconf 76' lang='grc' dir='ltr'><strong><em>καλε</em></strong></span> 
     </span>
     <span class='ocr_line' id='line_1_7' title="bbox 133 911 1146 1004; baseline -0.006 -18"><span class='ocrx_word' id='word_1_37' title='bbox 133 920 278 1004; x_wconf 82' lang='grc' dir='ltr'><strong><em>Περσῦν</em></strong></span> <span class='ocrx_word' id='word_1_38' title='bbox 302 913 452 1003; x_wconf 78' lang='grc' dir='ltr'><strong><em>ἐφόρουν</em></strong></span> <span class='ocrx_word' id='word_1_39' title='bbox 476 916 511 981; x_wconf 90' lang='grc' dir='ltr'><strong><em>οί</em></strong></span> <span class='ocrx_word' id='word_1_40' title='bbox 527 918 685 1000; x_wconf 78' lang='grc' dir='ltr'><strong><em>βασιλεῖς,</em></strong></span> <span class='ocrx_word' id='word_1_41' title='bbox 703 912 792 1001; x_wconf 80' lang='grc' dir='ltr'><strong><em>πλὴν</em></strong></span> <span class='ocrx_word' id='word_1_42' title='bbox 814 911 856 982; x_wconf 88' lang='grc' dir='ltr'><strong><em>οῦ</em></strong></span> <span class='ocrx_word' id='word_1_43' title='bbox 873 911 1085 998; x_wconf 81' lang='grc' dir='ltr'><strong><em>τετράγωνόν</em></strong></span> <span class='ocrx_word' id='word_1_44' title='bbox 1108 937 1146 998; x_wconf 82' lang='grc' dir='ltr'><strong><em>γε</em></strong></span> 
     </span>
     <span class='ocr_line' id='line_1_8' title="bbox 132 1011 1147 1115; baseline -0.004 -25"><span class='ocrx_word' id='word_1_45' title='bbox 132 1027 178 1115; x_wconf 76' lang='grc' dir='ltr'><strong><em>τῷ</em></strong></span> <span class='ocrx_word' id='word_1_46' title='bbox 211 1020 369 1110; x_wconf 80' lang='grc' dir='ltr'><strong><em>σχήματι,</em></strong></span> <span class='ocrx_word' id='word_1_47' title='bbox 400 1018 553 1106; x_wconf 84' lang='grc' dir='ltr'><strong><em>καθάπερ</em></strong></span> <span class='ocrx_word' id='word_1_48' title='bbox 591 1020 701 1088; x_wconf 83' lang='grc' dir='ltr'><strong><em>έκείνα</em></strong></span> <span class='ocrx_word' id='word_1_49' title='bbox 737 1011 797 1106; x_wconf 83' lang='grc' dir='ltr'><strong><em>ἦν,</em></strong></span> <span class='ocrx_word' id='word_1_50' title='bbox 829 1016 902 1088; x_wconf 78' lang='grc' dir='ltr'><strong><em>ἀλλ’</em></strong></span> <span class='ocrx_word' id='word_1_51' title='bbox 937 1016 1147 1106; x_wconf 78' lang='grc' dir='ltr'><strong><em>ἡμικύκλιον.</em></strong></span> 
     </span>
     <span class='ocr_line' id='line_1_9' title="bbox 132 1123 1146 1214; baseline -0.007 -15"><span class='ocrx_word' id='word_1_52' title='bbox 132 1127 173 1199; x_wconf 83' lang='grc' dir='ltr'><strong><em>τά</em></strong></span> <span class='ocrx_word' id='word_1_53' title='bbox 197 1128 235 1198; x_wconf 74' lang='grc' dir='ltr'><strong><em>δέ</em></strong></span> <span class='ocrx_word' id='word_1_54' title='bbox 257 1131 396 1198; x_wconf 89' lang='grc' dir='ltr'><strong><em>τοιαῦτα</em></strong></span> <span class='ocrx_word' id='word_1_55' title='bbox 417 1130 486 1196; x_wconf 80' lang='grc' dir='ltr'><strong><em>τῶν</em></strong></span> <span class='ocrx_word' id='word_1_56' title='bbox 509 1124 750 1214; x_wconf 72' lang='grc' dir='ltr'><strong><em>ἀμφιεσμάτων</em></strong></span> <span class='ocrx_word' id='word_1_57' title='bbox 768 1123 926 1213; x_wconf 72' lang='grc' dir='ltr'><strong><em>Ῥωμαῖοι</em></strong></span> <span class='ocrx_word' id='word_1_58' title='bbox 949 1124 1011 1212; x_wconf 71' lang='grc' dir='ltr'><strong><em>μὲν</em></strong></span> <span class='ocrx_word' id='word_1_59' title='bbox 1034 1124 1146 1211; x_wconf 82' lang='grc' dir='ltr'><strong><em>τόγας,</em></strong></span> 
     </span>
     <span class='ocr_line' id='line_1_10' title="bbox 125 1228 1147 1323; baseline -0.005 -19"><span class='ocrx_word' id='word_1_60' title='bbox 125 1232 286 1323; x_wconf 86' lang='grc' dir='ltr'><strong><em>Ἕλληνες</em></strong></span> <span class='ocrx_word' id='word_1_61' title='bbox 309 1232 347 1302; x_wconf 76' lang='grc' dir='ltr'><strong><em>δέ</em></strong></span> <span class='ocrx_word' id='word_1_62' title='bbox 369 1232 536 1320; x_wconf 81' lang='grc' dir='ltr'><strong><em>τήβεννον</em></strong></span> <span class='ocrx_word' id='word_1_63' title='bbox 554 1236 734 1318; x_wconf 88' lang='grc' dir='ltr'><strong><em>καλοῦσιν,</em></strong></span> <span class='ocrx_word' id='word_1_64' title='bbox 758 1229 820 1300; x_wconf 84' lang='grc' dir='ltr'><strong><em>οῦκ</em></strong></span> <span class='ocrx_word' id='word_1_65' title='bbox 844 1229 909 1300; x_wconf 79' lang='grc' dir='ltr'><strong><em>οἶδ’</em></strong></span> <span class='ocrx_word' id='word_1_66' title='bbox 932 1228 1062 1300; x_wconf 85' lang='grc' dir='ltr'><strong><em>ὁπόθεν</em></strong></span> <span class='ocrx_word' id='word_1_67' title='bbox 1086 1257 1147 1318; x_wconf 78' lang='grc' dir='ltr'><strong><em>μοι·</em></strong></span> 
     </span>
     <span class='ocr_line' id='line_1_11' title="bbox 80 1336 1187 1428; baseline -0.005 -18"><span class='ocrx_word' id='word_1_68' title='bbox 80 1341 274 1422; x_wconf 74' lang='grc' dir='ltr'><strong><em>σσεθόντες·</em></strong></span> <span class='ocrx_word' id='word_1_69' title='bbox 302 1338 500 1427; x_wconf 81' lang='grc' dir='ltr'><strong><em>Ἑλληνικὸν</em></strong></span> <span class='ocrx_word' id='word_1_70' title='bbox 536 1339 602 1428; x_wconf 76' lang='grc' dir='ltr'><strong><em>γάρ</em></strong></span> <span class='ocrx_word' id='word_1_71' title='bbox 636 1337 677 1408; x_wconf 88' lang='grc' dir='ltr'><strong><em>οῦ</em></strong></span> <span class='ocrx_word' id='word_1_72' title='bbox 714 1344 873 1428; x_wconf 88' lang='grc' dir='ltr'><strong><em>φαίνεταί</em></strong></span> <span class='ocrx_word' id='word_1_73' title='bbox 905 1364 962 1426; x_wconf 92' lang='grc' dir='ltr'><strong><em>μοι</em></strong></span> <span class='ocrx_word' id='word_1_74' title='bbox 994 1336 1146 1424; x_wconf 83' lang='grc' dir='ltr'><strong><em>τοῦνομα</em></strong></span> <span class='ocrx_word' id='word_1_75' title='bbox 1161 1361 1187 1404; x_wconf 83' lang='grc' dir='ltr'><strong><em>ιο</em></strong></span> 
     </span>
     <span class='ocr_line' id='line_1_12' title="bbox 134 1443 1186 1532; baseline -0.006 -16"><span class='ocrx_word' id='word_1_76' title='bbox 134 1445 230 1516; x_wconf 79' lang='grc' dir='ltr'><strong><em>εἶναι.</em></strong></span> <span class='ocrx_word' id='word_1_77' title='bbox 276 1443 321 1526; x_wconf 83' lang='grc' dir='ltr'><strong><em>ὡς</em></strong></span> <span class='ocrx_word' id='word_1_78' title='bbox 344 1449 384 1516; x_wconf 93' lang='grc' dir='ltr'><strong><em>δέ</em></strong></span> <span class='ocrx_word' id='word_1_79' title='bbox 403 1473 493 1528; x_wconf 87' lang='grc' dir='ltr'><strong><em>τινες</em></strong></span> <span class='ocrx_word' id='word_1_80' title='bbox 516 1448 688 1532; x_wconf 90' lang='grc' dir='ltr'><strong><em>ίστοροῦσι</em></strong></span> <span class='ocrx_word' id='word_1_81' title='bbox 713 1446 769 1513; x_wconf 79' lang='grc' dir='ltr'><strong><em>καί</em></strong></span> <span class='ocrx_word' id='word_1_82' title='bbox 796 1443 875 1525; x_wconf 85' lang='grc' dir='ltr'><strong><em>τοὺς</em></strong></span> <span class='ocrx_word' id='word_1_83' title='bbox 898 1443 1029 1512; x_wconf 76' lang='grc' dir='ltr'><strong><em>δυόδεκα</em></strong></span> <span class='ocrx_word' id='word_1_84' title='bbox 1052 1443 1186 1512; x_wconf 73' lang='grc' dir='ltr'><strong><em>πελά-,2</em></strong></span> 
     </span>
     <span class='ocr_line' id='line_1_13' title="bbox 133 1549 1147 1645; baseline -0.005 -23"><span class='ocrx_word' id='word_1_85' title='bbox 133 1580 201 1634; x_wconf 91' lang='grc' dir='ltr'><strong><em>κεις</em></strong></span> <span class='ocrx_word' id='word_1_86' title='bbox 224 1552 383 1640; x_wconf 86' lang='grc' dir='ltr'><strong><em>ἐκόμισαν</em></strong></span> <span class='ocrx_word' id='word_1_87' title='bbox 406 1551 497 1645; x_wconf 77' lang='grc' dir='ltr'><strong><em>αὐτῷ</em></strong></span> <span class='ocrx_word' id='word_1_88' title='bbox 521 1551 682 1638; x_wconf 88' lang='grc' dir='ltr'><strong><em>λαβόντες</em></strong></span> <span class='ocrx_word' id='word_1_89' title='bbox 710 1553 744 1632; x_wconf 81' lang='grc' dir='ltr'><strong><em>ἐξ</em></strong></span> <span class='ocrx_word' id='word_1_90' title='bbox 767 1550 906 1638; x_wconf 81' lang='grc' dir='ltr'><strong><em>ἑκάστης</em></strong></span> <span class='ocrx_word' id='word_1_91' title='bbox 927 1549 1055 1631; x_wconf 84' lang='grc' dir='ltr'><strong><em>πόλεως</em></strong></span> <span class='ocrx_word' id='word_1_92' title='bbox 1078 1551 1147 1618; x_wconf 81' lang='grc' dir='ltr'><strong><em>ἕνα.</em></strong></span> 
     </span>
     <span class='ocr_line' id='line_1_14' title="bbox 138 1655 1148 1750; baseline -0.005 -21"><span class='ocrx_word' id='word_1_93' title='bbox 138 1658 350 1749; x_wconf 83' lang='grc' dir='ltr'><strong><em>Τυρρηνικὸν</em></strong></span> <span class='ocrx_word' id='word_1_94' title='bbox 373 1657 437 1750; x_wconf 74' lang='grc' dir='ltr'><strong><em>γάρ</em></strong></span> <span class='ocrx_word' id='word_1_95' title='bbox 461 1656 550 1728; x_wconf 82' lang='grc' dir='ltr'><strong><em>εἶναι</em></strong></span> <span class='ocrx_word' id='word_1_96' title='bbox 574 1663 654 1740; x_wconf 83' lang='grc' dir='ltr'><strong><em>ἔθος</em></strong></span> <span class='ocrx_word' id='word_1_97' title='bbox 682 1661 777 1726; x_wconf 81' lang='grc' dir='ltr'><strong><em>δοκεῖ</em></strong></span> <span class='ocrx_word' id='word_1_98' title='bbox 802 1656 943 1726; x_wconf 77' lang='grc' dir='ltr'><strong><em>ἑκάστου</em></strong></span> <span class='ocrx_word' id='word_1_99' title='bbox 972 1660 1041 1724; x_wconf 77' lang='grc' dir='ltr'><strong><em>τῶν</em></strong></span> <span class='ocrx_word' id='word_1_100' title='bbox 1065 1655 1148 1725; x_wconf 78' lang='grc' dir='ltr'><strong><em>κατὰ</em></strong></span> 
     </span>
     <span class='ocr_line' id='line_1_15' title="bbox 133 1759 1148 1854; baseline -0.006 -20"><span class='ocrx_word' id='word_1_101' title='bbox 133 1765 233 1834; x_wconf 91' lang='grc' dir='ltr'><strong><em>πόλιν</em></strong></span> <span class='ocrx_word' id='word_1_102' title='bbox 265 1767 432 1853; x_wconf 83' lang='grc' dir='ltr'><strong><em>βασιλέων</em></strong></span> <span class='ocrx_word' id='word_1_103' title='bbox 469 1767 529 1834; x_wconf 81' lang='grc' dir='ltr'><strong><em>ἕνα</em></strong></span> <span class='ocrx_word' id='word_1_104' title='bbox 565 1772 790 1854; x_wconf 79' lang='grc' dir='ltr'><strong><em>προηγεῖσθαι</em></strong></span> <span class='ocrx_word' id='word_1_105' title='bbox 825 1760 1047 1850; x_wconf 74' lang='grc' dir='ltr'><strong><em>ῥαβδοφόρον</em></strong></span> <span class='ocrx_word' id='word_1_106' title='bbox 1079 1759 1148 1850; x_wconf 80' lang='grc' dir='ltr'><strong><em>ἅμα</em></strong></span> 
     </span>
     <span class='ocr_line' id='line_1_16' title="bbox 79 1865 1187 1961; baseline -0.005 -21"><span class='ocrx_word' id='word_1_107' title='bbox 79 1921 82 1926; x_wconf 89' lang='grc'>-</span> <span class='ocrx_word' id='word_1_108' title='bbox 133 1875 173 1961; x_wconf 77' lang='grc' dir='ltr'><strong><em>τῇ</em></strong></span> <span class='ocrx_word' id='word_1_109' title='bbox 198 1873 302 1961; x_wconf 85' lang='grc' dir='ltr'><strong><em>δέσμη</em></strong></span> <span class='ocrx_word' id='word_1_110' title='bbox 325 1875 393 1941; x_wconf 79' lang='grc' dir='ltr'><strong><em>τῶν</em></strong></span> <span class='ocrx_word' id='word_1_111' title='bbox 417 1869 555 1958; x_wconf 79' lang='grc' dir='ltr'><strong><em>ῥάβδων</em></strong></span> <span class='ocrx_word' id='word_1_112' title='bbox 578 1871 721 1939; x_wconf 89' lang='grc' dir='ltr'><strong><em>πέλεκυν</em></strong></span> <span class='ocrx_word' id='word_1_113' title='bbox 744 1865 904 1958; x_wconf 88' lang='grc' dir='ltr'><strong><em>φέροντα·</em></strong></span> <span class='ocrx_word' id='word_1_114' title='bbox 935 1872 966 1936; x_wconf 85' lang='grc' dir='ltr'><strong><em>εί</em></strong></span> <span class='ocrx_word' id='word_1_115' title='bbox 988 1867 1026 1936; x_wconf 77' lang='grc' dir='ltr'><strong><em>δέ</em></strong></span> <span class='ocrx_word' id='word_1_116' title='bbox 1048 1865 1147 1955; x_wconf 81' lang='grc' dir='ltr'><strong><em>κοινὴ</em></strong></span> <span class='ocrx_word' id='word_1_117' title='bbox 1161 1891 1187 1934; x_wconf 82' lang='grc' dir='ltr'><strong><em>ιο</em></strong></span> 
     </span>
     <span class='ocr_line' id='line_1_17' title="bbox 1 1961 1148 2064; baseline -0.003 -18"><span class='ocrx_word' id='word_1_118' title='bbox 1 1961 4 1984; x_wconf 44' lang='lat'><em>⁸</em></span> <span class='ocrx_word' id='word_1_119' title='bbox 134 1984 263 2064; x_wconf 82' lang='grc' dir='ltr'><strong><em>γίνοιτο</em></strong></span> <span class='ocrx_word' id='word_1_120' title='bbox 291 1981 359 2048; x_wconf 79' lang='grc' dir='ltr'><strong><em>τῶν</em></strong></span> <span class='ocrx_word' id='word_1_121' title='bbox 389 1975 520 2046; x_wconf 86' lang='grc' dir='ltr'><strong><em>διόδεκα</em></strong></span> <span class='ocrx_word' id='word_1_122' title='bbox 551 1975 683 2046; x_wconf 79' lang='grc' dir='ltr'><strong><em>πόλεων</em></strong></span> <span class='ocrx_word' id='word_1_123' title='bbox 713 1979 882 2062; x_wconf 82' lang='grc' dir='ltr'><strong><em>στρατεία,</em></strong></span> <span class='ocrx_word' id='word_1_124' title='bbox 909 1973 989 2055; x_wconf 87' lang='grc' dir='ltr'><strong><em>τοῦς</em></strong></span> <span class='ocrx_word' id='word_1_125' title='bbox 1016 1973 1148 2044; x_wconf 85' lang='grc' dir='ltr'><strong><em>δόδεκα</em></strong></span> 
     </span>
     <span class='ocr_line' id='line_1_18' title="bbox 134 2078 1148 2176; baseline -0.006 -22"><span class='ocrx_word' id='word_1_126' title='bbox 134 2086 279 2164; x_wconf 85' lang='grc' dir='ltr'><strong><em>πελέκεις</em></strong></span> <span class='ocrx_word' id='word_1_127' title='bbox 294 2085 345 2152; x_wconf 80' lang='grc' dir='ltr'><strong><em>ἑνί</em></strong></span> <span class='ocrx_word' id='word_1_128' title='bbox 359 2087 612 2174; x_wconf 88' lang='grc' dir='ltr'><strong><em>παραδίδοσθαι</em></strong></span> <span class='ocrx_word' id='word_1_129' title='bbox 624 2086 671 2176; x_wconf 75' lang='grc' dir='ltr'><strong><em>τῷ</em></strong></span> <span class='ocrx_word' id='word_1_130' title='bbox 686 2080 826 2168; x_wconf 86' lang='grc' dir='ltr'><strong><em>λαβόντι</em></strong></span> <span class='ocrx_word' id='word_1_131' title='bbox 839 2079 902 2170; x_wconf 77' lang='grc' dir='ltr'><strong><em>τὴν</em></strong></span> <span class='ocrx_word' id='word_1_132' title='bbox 917 2078 1148 2169; x_wconf 72' lang='grc' dir='ltr'><strong><em>αὐτοκράτορα</em></strong></span> 
     </span>
     <span class='ocr_line' id='line_1_19' title="bbox 134 2185 1187 2280; baseline -0.008 -22"><span class='ocrx_word' id='word_1_133' title='bbox 134 2188 251 2280; x_wconf 81' lang='grc' dir='ltr'><strong><em>ἀρχήν.</em></strong></span> <span class='ocrx_word' id='word_1_134' title='bbox 293 2188 334 2258; x_wconf 86' lang='grc' dir='ltr'><strong><em>οῦ</em></strong></span> <span class='ocrx_word' id='word_1_135' title='bbox 361 2187 428 2278; x_wconf 83' lang='grc' dir='ltr'><strong><em>μὴν</em></strong></span> <span class='ocrx_word' id='word_1_136' title='bbox 456 2187 601 2270; x_wconf 78' lang='grc' dir='ltr'><strong><em>ἅπαντές</em></strong></span> <span class='ocrx_word' id='word_1_137' title='bbox 627 2216 665 2276; x_wconf 79' lang='grc' dir='ltr'><strong><em>γε</em></strong></span> <span class='ocrx_word' id='word_1_138' title='bbox 693 2191 924 2278; x_wconf 83' lang='grc' dir='ltr'><strong><em>συμφέρονται</em></strong></span> <span class='ocrx_word' id='word_1_139' title='bbox 950 2202 1021 2270; x_wconf 81' lang='grc' dir='ltr'><strong><em>τοῖς</em></strong></span> <span class='ocrx_word' id='word_1_140' title='bbox 1043 2185 1187 2258; x_wconf 84' lang='grc' dir='ltr'><strong><em>ταῦτα3</em></strong></span> 
     </span>
     <span class='ocr_line' id='line_1_20' title="bbox 135 2293 1147 2385; baseline -0.003 -19"><span class='ocrx_word' id='word_1_141' title='bbox 135 2299 308 2384; x_wconf 75' lang='grc' dir='ltr'><strong><em>λέγουσιν,</em></strong></span> <span class='ocrx_word' id='word_1_142' title='bbox 336 2293 420 2364; x_wconf 86' lang='grc' dir='ltr'><strong><em>άλλόι</em></strong></span> <span class='ocrx_word' id='word_1_143' title='bbox 442 2300 644 2384; x_wconf 87' lang='grc' dir='ltr'><strong><em>παλαίτερον</em></strong></span> <span class='ocrx_word' id='word_1_144' title='bbox 673 2301 721 2366; x_wconf 83' lang='grc' dir='ltr'><strong><em>ἐτι</em></strong></span> <span class='ocrx_word' id='word_1_145' title='bbox 744 2300 803 2383; x_wconf 77' lang='grc' dir='ltr'><strong><em>τῆς</em></strong></span> <span class='ocrx_word' id='word_1_146' title='bbox 830 2301 1020 2385; x_wconf 88' lang='grc' dir='ltr'><strong><em>Ταρκυνίου</em></strong></span> <span class='ocrx_word' id='word_1_147' title='bbox 1044 2298 1147 2364; x_wconf 86' lang='grc' dir='ltr'><strong><em>δυνα-</em></strong></span> 
     </span>
    </p>
   </div>
   <div class='ocr_carea' id='block_1_3' title="bbox 0 915 3 1468">
    <p class='ocr_par' dir='ltr' id='par_1_3' title="bbox 0 915 3 1468">
     <span class='ocr_line' id='line_1_21' title="bbox 0 915 3 1468; baseline 0 0"><span class='ocrx_word' id='word_1_148' title='bbox 0 915 3 1468; x_wconf 95' lang='lat' dir='ltr'><strong><em> </em></strong></span> 
     </span>
    </p>
   </div>
   <div class='ocr_carea' id='block_1_4' title="bbox 135 2399 1202 3128">
    <p class='ocr_par' dir='ltr' id='par_1_4' title="bbox 135 2399 1190 2598">
     <span class='ocr_line' id='line_1_22' title="bbox 135 2399 1190 2489; baseline -0.005 -16"><span class='ocrx_word' id='word_1_149' title='bbox 135 2408 245 2484; x_wconf 85' lang='grc' dir='ltr'><strong><em>στείας</em></strong></span> <span class='ocrx_word' id='word_1_150' title='bbox 272 2403 418 2482; x_wconf 79' lang='grc' dir='ltr'><strong><em>πελέκεις</em></strong></span> <span class='ocrx_word' id='word_1_151' title='bbox 446 2399 577 2470; x_wconf 79' lang='grc' dir='ltr'><strong><em>δώδεκα</em></strong></span> <span class='ocrx_word' id='word_1_152' title='bbox 603 2400 668 2489; x_wconf 87' lang='grc' dir='ltr'><strong><em>πρὸ</em></strong></span> <span class='ocrx_word' id='word_1_153' title='bbox 695 2405 764 2470; x_wconf 84' lang='grc' dir='ltr'><strong><em>τῦν</em></strong></span> <span class='ocrx_word' id='word_1_154' title='bbox 792 2402 958 2488; x_wconf 82' lang='grc' dir='ltr'><strong><em>βασιλέων</em></strong></span> <span class='ocrx_word' id='word_1_155' title='bbox 982 2402 1152 2489; x_wconf 85' lang='grc' dir='ltr'><strong><em>φέρεσθαί</em></strong></span> <span class='ocrx_word' id='word_1_156' title='bbox 1162 2425 1190 2468; x_wconf 78' lang='grc' dir='ltr'><strong><em>ιο</em></strong></span> 
     </span>
     <span class='ocr_line' id='line_1_23' title="bbox 135 2504 1149 2598; baseline -0.006 -18"><span class='ocrx_word' id='word_1_157' title='bbox 135 2529 234 2598; x_wconf 86' lang='grc' dir='ltr'><strong><em>φασι,</em></strong></span> <span class='ocrx_word' id='word_1_158' title='bbox 270 2508 544 2596; x_wconf 79' lang='grc' dir='ltr'><strong><em>καταστήσασθαι</em></strong></span> <span class='ocrx_word' id='word_1_159' title='bbox 581 2507 618 2576; x_wconf 79' lang='grc' dir='ltr'><strong><em>δέ</em></strong></span> <span class='ocrx_word' id='word_1_160' title='bbox 654 2506 691 2576; x_wconf 89' lang='grc' dir='ltr'><strong><em>τὸ</em></strong></span> <span class='ocrx_word' id='word_1_161' title='bbox 729 2513 810 2589; x_wconf 80' lang='grc' dir='ltr'><strong><em>ἔθος</em></strong></span> <span class='ocrx_word' id='word_1_162' title='bbox 845 2511 944 2576; x_wconf 89' lang='grc' dir='ltr'><strong><em>τοῦτο</em></strong></span> <span class='ocrx_word' id='word_1_163' title='bbox 975 2504 1149 2595; x_wconf 84' lang='grc' dir='ltr'><strong><em>Ῥωμύλον</em></strong></span> 
     </span>
    </p>

    <p class='ocr_par' dir='ltr' id='par_1_5' title="bbox 135 2565 1202 3128">
     <span class='ocr_line' id='line_1_24' title="bbox 137 2565 1202 2709; baseline -0.004 -25"><span class='ocrx_word' id='word_1_164' title='bbox 137 2615 243 2696; x_wconf 84' lang='grc' dir='ltr'><strong><em>εόθῦς</em></strong></span> <span class='ocrx_word' id='word_1_165' title='bbox 265 2613 334 2705; x_wconf 81' lang='grc' dir='ltr'><strong><em>ἅμα</em></strong></span> <span class='ocrx_word' id='word_1_166' title='bbox 355 2619 401 2709; x_wconf 75' lang='grc' dir='ltr'><strong><em>τῷ</em></strong></span> <span class='ocrx_word' id='word_1_167' title='bbox 420 2620 628 2704; x_wconf 80' lang='grc' dir='ltr'><strong><em>παραλαβεῖν</em></strong></span> <span class='ocrx_word' id='word_1_168' title='bbox 650 2613 713 2700; x_wconf 78' lang='grc' dir='ltr'><strong><em>τὴν</em></strong></span> <span class='ocrx_word' id='word_1_169' title='bbox 736 2611 862 2702; x_wconf 79' lang='grc' dir='ltr'><strong><em>άρηήν.’</em></strong></span> <span class='ocrx_word' id='word_1_170' title='bbox 895 2611 1002 2684; x_wconf 78' lang='grc' dir='ltr'><strong><em>οῦθέν</em></strong></span> <span class='ocrx_word' id='word_1_171' title='bbox 1027 2613 1064 2682; x_wconf 78' lang='grc' dir='ltr'><strong><em>δέ</em></strong></span> <span class='ocrx_word' id='word_1_172' title='bbox 1086 2639 1148 2682; x_wconf 88' lang='grc' dir='ltr'><strong><em>κω·</em></strong></span> <span class='ocrx_word' id='word_1_173' title='bbox 1169 2565 1202 2630; x_wconf 60' lang='lat' dir='ltr'><em>s</em></span> 
     </span>
     <span class='ocr_line' id='line_1_25' title="bbox 136 2717 1146 2812; baseline -0.003 -23"><span class='ocrx_word' id='word_1_174' title='bbox 136 2722 208 2790; x_wconf 89' lang='grc' dir='ltr'><strong><em>λόει</em></strong></span> <span class='ocrx_word' id='word_1_175' title='bbox 234 2721 272 2791; x_wconf 90' lang='grc' dir='ltr'><strong><em>τὸ</em></strong></span> <span class='ocrx_word' id='word_1_176' title='bbox 301 2722 363 2810; x_wconf 74' lang='grc' dir='ltr'><strong><em>μὲν</em></strong></span> <span class='ocrx_word' id='word_1_177' title='bbox 392 2719 520 2810; x_wconf 88' lang='grc' dir='ltr'><strong><em>εῦρημα</em></strong></span> <span class='ocrx_word' id='word_1_178' title='bbox 547 2725 733 2810; x_wconf 80' lang='grc' dir='ltr'><strong><em>Τυρρηνῶν</em></strong></span> <span class='ocrx_word' id='word_1_179' title='bbox 763 2719 865 2808; x_wconf 83' lang='grc' dir='ltr'><strong><em>εἶναι,</em></strong></span> <span class='ocrx_word' id='word_1_180' title='bbox 893 2721 1085 2812; x_wconf 81' lang='grc' dir='ltr'><strong><em>χρήσασθαι</em></strong></span> <span class='ocrx_word' id='word_1_181' title='bbox 1115 2717 1146 2786; x_wconf 89' lang='grc' dir='ltr'><strong><em>δ’</em></strong></span> 
     </span>
     <span class='ocr_line' id='line_1_26' title="bbox 136 2825 1149 2922; baseline -0.006 -23"><span class='ocrx_word' id='word_1_182' title='bbox 136 2827 225 2922; x_wconf 77' lang='grc' dir='ltr'><strong><em>αὐτῷ</em></strong></span> <span class='ocrx_word' id='word_1_183' title='bbox 259 2833 393 2919; x_wconf 76' lang='grc' dir='ltr'><strong><em>πρῶτον</em></strong></span> <span class='ocrx_word' id='word_1_184' title='bbox 415 2826 588 2916; x_wconf 82' lang='grc' dir='ltr'><strong><em>Ῥωμύλον</em></strong></span> <span class='ocrx_word' id='word_1_185' title='bbox 619 2825 698 2917; x_wconf 85' lang='grc' dir='ltr'><strong><em>παρ’</em></strong></span> <span class='ocrx_word' id='word_1_186' title='bbox 729 2830 866 2897; x_wconf 82' lang='grc' dir='ltr'><strong><em>ἐκείνων</em></strong></span> <span class='ocrx_word' id='word_1_187' title='bbox 898 2827 1062 2916; x_wconf 84' lang='grc' dir='ltr'><strong><em>λαβόντα,</em></strong></span> <span class='ocrx_word' id='word_1_188' title='bbox 1094 2852 1149 2894; x_wconf 89' lang='grc' dir='ltr'><strong><em>κο-</em></strong></span> 
     </span>
     <span class='ocr_line' id='line_1_27' title="bbox 135 2931 1189 3026; baseline -0.006 -22"><span class='ocrx_word' id='word_1_189' title='bbox 135 2939 303 3024; x_wconf 79' lang='grc' dir='ltr'><strong><em>μισθῆναι</em></strong></span> <span class='ocrx_word' id='word_1_190' title='bbox 327 2933 364 3002; x_wconf 74' lang='grc' dir='ltr'><strong><em>δὲ</em></strong></span> <span class='ocrx_word' id='word_1_191' title='bbox 387 2940 562 3026; x_wconf 78' lang='grc' dir='ltr'><strong><em>Ταρκυνίῳ</em></strong></span> <span class='ocrx_word' id='word_1_192' title='bbox 582 2931 646 3004; x_wconf 87' lang='grc' dir='ltr'><strong><em>σῦν</em></strong></span> <span class='ocrx_word' id='word_1_193' title='bbox 668 2949 739 3015; x_wconf 79' lang='grc' dir='ltr'><strong><em>τοῖς</em></strong></span> <span class='ocrx_word' id='word_1_194' title='bbox 761 2933 876 3014; x_wconf 84' lang='grc' dir='ltr'><strong><em>ῦλλοις</em></strong></span> <span class='ocrx_word' id='word_1_195' title='bbox 893 2933 1032 3022; x_wconf 90' lang='grc' dir='ltr'><strong><em>κόσμοις</em></strong></span> <span class='ocrx_word' id='word_1_196' title='bbox 1053 2938 1148 3020; x_wconf 82' lang='grc' dir='ltr'><strong><em>βασι·</em></strong></span> <span class='ocrx_word' id='word_1_197' title='bbox 1163 2953 1189 2998; x_wconf 77' lang='grc' dir='ltr'><strong><em>εσ</em></strong></span> 
     </span>
     <span class='ocr_line' id='line_1_28' title="bbox 136 3038 1148 3128; baseline -0.002 -18"><span class='ocrx_word' id='word_1_198' title='bbox 136 3051 243 3122; x_wconf 82' lang='grc' dir='ltr'><strong><em>λικοῐς</em></strong></span> <span class='ocrx_word' id='word_1_199' title='bbox 270 3042 326 3110; x_wconf 80' lang='grc' dir='ltr'><strong><em>καί</em></strong></span> <span class='ocrx_word' id='word_1_200' title='bbox 352 3038 432 3121; x_wconf 85' lang='grc' dir='ltr'><strong><em>τοῦς</em></strong></span> <span class='ocrx_word' id='word_1_201' title='bbox 462 3039 593 3108; x_wconf 85' lang='grc' dir='ltr'><strong><em>δάδεκα</em></strong></span> <span class='ocrx_word' id='word_1_202' title='bbox 619 3043 781 3127; x_wconf 88' lang='grc' dir='ltr'><strong><em>πελέκεις,</em></strong></span> <span class='ocrx_word' id='word_1_203' title='bbox 809 3041 921 3128; x_wconf 70' lang='grc' dir='ltr'><strong><em>ὥσπερ</em></strong></span> <span class='ocrx_word' id='word_1_204' title='bbox 943 3067 981 3128; x_wconf 78' lang='grc' dir='ltr'><strong><em>με</em></strong></span> <span class='ocrx_word' id='word_1_205' title='bbox 1003 3040 1059 3109; x_wconf 81' lang='grc' dir='ltr'><strong><em>καί</em></strong></span> <span class='ocrx_word' id='word_1_206' title='bbox 1082 3043 1148 3108; x_wconf 89' lang='grc' dir='ltr'><strong><em>νῦν</em></strong></span> 
     </span>
    </p>
   </div>
   <div class='ocr_carea' id='block_1_5' title="bbox 158 3267 1148 3399">
    <p class='ocr_par' dir='ltr' id='par_1_6' title="bbox 158 3267 1148 3399">
     <span class='ocr_line' id='line_1_29' title="bbox 158 3267 1148 3399; baseline -0.003 -68"><span class='ocrx_word' id='word_1_207' title='bbox 158 3286 162 3292; x_wconf 91' lang='grc'><strong>“</strong></span> <span class='ocrx_word' id='word_1_208' title='bbox 207 3281 223 3330; x_wconf 75' lang='lat'><strong>2</strong></span> <span class='ocrx_word' id='word_1_209' title='bbox 246 3275 369 3344; x_wconf 75' lang='grc' dir='ltr'><strong><em>χρυσοῦν</em></strong></span> <span class='ocrx_word' id='word_1_210' title='bbox 454 3279 472 3326; x_wconf 82' lang='grc'><strong>4</strong></span> <span class='ocrx_word' id='word_1_211' title='bbox 494 3269 599 3343; x_wconf 78' lang='grc' dir='ltr'><strong><em>χιτῶνά</em></strong></span> <span class='ocrx_word' id='word_1_212' title='bbox 630 3293 660 3329; x_wconf 86' lang='grc' dir='ltr'><strong><em>τε</em></strong></span> <span class='ocrx_word' id='word_1_213' title='bbox 693 3273 861 3344; x_wconf 88' lang='grc' dir='ltr'><strong><em>πορφυροῦν</em></strong></span> <span class='ocrx_word' id='word_1_214' title='bbox 893 3267 1070 3399; x_wconf 70' lang='grc' dir='ltr'><strong><em>χρυσόσημον</em></strong></span> <span class='ocrx_word' id='word_1_215' title='bbox 1094 3271 1148 3328; x_wconf 83' lang='lat' dir='ltr'>del.</span> 
     </span>
    </p>
   </div>
   <div class='ocr_carea' id='block_1_6' title="bbox 2 3341 1148 3504">
    <p class='ocr_par' dir='ltr' id='par_1_7' title="bbox 2 3341 1148 3504">
     <span class='ocr_line' id='line_1_30' title="bbox 9 3341 1148 3418; baseline -0.003 -17"><span class='ocrx_word' id='word_1_216' title='bbox 9 3352 15 3370; x_wconf 86' lang='lat'><strong>¹</strong></span> <span class='ocrx_word' id='word_1_217' title='bbox 137 3345 268 3400; x_wconf 79' lang='lat' dir='ltr'><strong>Schnelle</strong></span> <span class='ocrx_word' id='word_1_218' title='bbox 286 3363 313 3415; x_wconf 88' lang='lat' dir='ltr'><strong><em>p.</em></strong></span> <span class='ocrx_word' id='word_1_219' title='bbox 334 3350 363 3402; x_wconf 82' lang='lat'><strong><em>11</em></strong></span> <span class='ocrx_word' id='word_1_220' title='bbox 422 3341 583 3414; x_wconf 79' lang='grc' dir='ltr'><strong><em>8τοηδιςΒ</em></strong></span> <span class='ocrx_word' id='word_1_221' title='bbox 655 3341 810 3418; x_wconf 81' lang='grc' dir='ltr'><strong><em>9τήβενον</em></strong></span> <span class='ocrx_word' id='word_1_222' title='bbox 827 3345 854 3398; x_wconf 77' lang='lat' dir='ltr'>A</span> <span class='ocrx_word' id='word_1_223' title='bbox 927 3349 959 3399; x_wconf 76' lang='lat'><strong><em>13</em></strong></span> <span class='ocrx_word' id='word_1_224' title='bbox 985 3343 1001 3376; x_wconf 83' lang='grc'><em>*</em></span> <span class='ocrx_word' id='word_1_225' title='bbox 1027 3341 1148 3399; x_wconf 87' lang='grc' dir='ltr'><strong><em>δόκειΟ</em></strong></span> 
     </span>
     <span class='ocr_line' id='line_1_31' title="bbox 2 3407 1148 3504; baseline -0.003 -31"><span class='ocrx_word' id='word_1_226' title='bbox 2 3445 3 3458; x_wconf 52' lang='grc' dir='ltr'><strong><em>ι</em></strong></span> <span class='ocrx_word' id='word_1_227' title='bbox 137 3422 171 3472; x_wconf 83' lang='grc'><strong><em>15</em></strong></span> <span class='ocrx_word' id='word_1_228' title='bbox 189 3417 334 3486; x_wconf 77' lang='grc' dir='ltr'><strong><em>δεσμῇιΑ</em></strong></span> <span class='ocrx_word' id='word_1_229' title='bbox 397 3421 430 3472; x_wconf 81' lang='grc'><strong><em>16</em></strong></span> <span class='ocrx_word' id='word_1_230' title='bbox 449 3417 580 3486; x_wconf 85' lang='grc' dir='ltr'><strong><em>στρατεία</em></strong></span> <span class='ocrx_word' id='word_1_231' title='bbox 595 3413 716 3504; x_wconf 59' lang='grc' dir='ltr'><strong><em>Βχλλιυες</em></strong></span> <span class='ocrx_word' id='word_1_232' title='bbox 734 3411 887 3484; x_wconf 81' lang='grc' dir='ltr'><strong><em>οτρατιάΟ</em></strong></span> <span class='ocrx_word' id='word_1_233' title='bbox 947 3419 981 3470; x_wconf 79' lang='lat'><strong><em>23</em></strong></span> <span class='ocrx_word' id='word_1_234' title='bbox 1001 3407 1148 3483; x_wconf 87' lang='grc' dir='ltr'><strong><em>εῦρεμοιΟ</em></strong></span> 
     </span>
    </p>
   </div>
   <div class='ocr_carea' id='block_1_7' title="bbox 136 3480 1095 3560">
    <p class='ocr_par' dir='ltr' id='par_1_8' title="bbox 136 3480 1095 3560">
     <span class='ocr_line' id='line_1_32' title="bbox 136 3480 1095 3560; baseline -0.004 -16"><span class='ocrx_word' id='word_1_235' title='bbox 136 3493 171 3544; x_wconf 83' lang='grc'><strong><em>24</em></strong></span> <span class='ocrx_word' id='word_1_236' title='bbox 190 3482 261 3544; x_wconf 84' lang='grc' dir='ltr'><strong><em>αότό</em></strong></span> <span class='ocrx_word' id='word_1_237' title='bbox 277 3489 303 3542; x_wconf 78' lang='grc' dir='ltr'><strong>Α</strong></span> <span class='ocrx_word' id='word_1_238' title='bbox 375 3491 409 3542; x_wconf 77' lang='lat'><strong><em>26</em></strong></span> <span class='ocrx_word' id='word_1_239' title='bbox 428 3480 522 3558; x_wconf 79' lang='grc' dir='ltr'><strong><em>όνπερ</em></strong></span> <span class='ocrx_word' id='word_1_240' title='bbox 541 3487 586 3560; x_wconf 80' lang='grc' dir='ltr'><strong><em>ηε]</em></strong></span> <span class='ocrx_word' id='word_1_241' title='bbox 606 3505 699 3557; x_wconf 84' lang='grc' dir='ltr'><strong><em>ωσπερ</em></strong></span> <span class='ocrx_word' id='word_1_242' title='bbox 719 3485 759 3542; x_wconf 80' lang='grc' dir='ltr'><strong><em>ἔτι</em></strong></span> <span class='ocrx_word' id='word_1_243' title='bbox 778 3505 802 3544; x_wconf 85' lang='grc' dir='ltr'><strong><em>ο.</em></strong></span> <span class='ocrx_word' id='word_1_244' title='bbox 821 3487 910 3543; x_wconf 73' lang='lat' dir='ltr'>Cobet</span> <span class='ocrx_word' id='word_1_245' title='bbox 929 3485 995 3542; x_wconf 79' lang='lat' dir='ltr'><strong>obs.</strong></span> <span class='ocrx_word' id='word_1_246' title='bbox 1013 3505 1041 3556; x_wconf 87' lang='lat' dir='ltr'><strong><em>p.</em></strong></span> <span class='ocrx_word' id='word_1_247' title='bbox 1062 3491 1095 3542; x_wconf 72' lang='lat'><strong><em>72</em></strong></span> 
     </span>
    </p>
   </div>
   <div class='ocr_carea' id='block_1_8' title="bbox 0 0 1342 3986">
    <p class='ocr_par' dir='ltr' id='par_1_9' title="bbox 0 0 1342 3986">
     <span class='ocr_line' id='line_1_33' title="bbox 0 0 1342 3986; baseline 0 0"><span class='ocrx_word' id='word_1_248' title='bbox 0 0 1342 3986; x_wconf 95' lang='lat' dir='ltr'><strong><em> </em></strong></span> 
     </span>
    </p>
   </div>
  </div>
 </body>
</html>
