2670 3984
519 248 687 299 -A-
1047 245 1111 312 143

91 409 269 492 λαβοῦσαν
300 401 424 484 αὐτοὺς
450 403 556 491 τύχην
584 404 639 472 καί
667 403 823 491 φήσαντα
849 410 1014 494 τιμωρίαν
1046 415 1112 474 νῦν

92 521 127 580 εἰ
146 535 227 580 ποτε
249 508 371 600 καιρὸν
394 507 483 579 εἰναι
505 515 639 598 λαβείν,
670 507 788 580 αὐτίκα
815 510 1024 598 ποιήσασθαι
1047 509 1112 580 σὺν

91 621 139 710 τῷ
170 621 357 709 νομευτικῷ
384 617 509 705 πλῆθει
538 615 600 705 τῆν
633 618 797 686 ἐπίθεσιν.
845 618 921 706 περὶ
953 617 1016 706 μὶν
1048 609 1112 686 οῦν

90 726 257 812 γενέσεως
283 725 340 794 καί
362 728 492 813 τροφῆς
513 727 582 793 νῦν
601 727 760 794 οἰκιστῶν
781 728 841 812 τῆς
858 722 985 813 Ῥώμης
1007 727 1110 794 ταῦτα

92 833 234 918 λέγεται.
1139 865 1152 906 ⁵

183 957 347 1028 LXXXV.
392 953 440 1023 Τά
468 954 507 1023 δὲ
538 953 622 1022 κατά
653 951 715 1042 τῆν
743 958 852 1023 κτίσιν
881 950 986 1040 αῦτῆν
1016 951 1112 1042 γενό-

92 1087 180 1149 μενα
203 1062 319 1152 (τοῦτο
342 1059 406 1150 γάρ
430 1065 478 1130 ἐτι
502 1087 559 1147 μοι
581 1057 619 1129 τὸ
643 1061 744 1149 μέρος
770 1063 829 1147 τῆς
851 1063 984 1148 γραφῆς
1006 1065 1111 1129 λείπε-

92 1169 164 1258 ται)
187 1172 255 1237 νῦν
278 1173 416 1258 ἔρχομαι
440 1165 693 1255 διηγησόμενος.
734 1164 848 1254 ἐπειδὴ
870 1165 935 1255 γάρ
954 1163 1112 1254 Ἀμολίου

92 1273 354 1362 τελευτήσαντος
377 1271 588 1344 ἀνενεώσατο
611 1272 674 1360 τῆν
693 1271 802 1362 ἀρχὴν
825 1271 1024 1362 δΝεμέτωρ
1042 1272 1111 1342 όλί

92 1407 157 1467 γον
181 1379 326 1468 ἐπισχὼν
349 1379 487 1469 χρόνον,
506 1382 544 1449 ἐν
562 1371 590 1474 ᾧ
608 1379 671 1468 τὴν
688 1379 790 1450 πόλιν
812 1383 848 1450 ἐκ
870 1384 929 1468 τῆς
945 1379 1112 1469 πρότερον
1127 1415 1153 1455 ιο

93 1487 277 1574 ἐπεχούσης
298 1483 462 1574 ἀκοσμίας
490 1491 537 1568 εἰς
559 1485 621 1556 τὸν
647 1484 791 1576 ἀρχαίου
817 1487 950 1575 ἐκόσμει
972 1487 1111 1575 τρόπον,

93 1590 201 1673 εὐθὺς
224 1594 354 1662 ἐπενόει
376 1608 447 1675 τοῖς
475 1599 659 1683 μειρακίοις
682 1597 775 1662 ἰδίαν
802 1591 910 1681 ἀρχὴν
933 1613 1111 1663 κατασκευ-

92 1699 175 1768 ἀσαι
199 1701 316 1788 ἑτέραν
339 1700 439 1769 πόλιν
464 1705 602 1782 οἰκίσας.
634 1699 702 1788 ἅμα
726 1699 765 1769 δέ
781 1702 838 1769 καί
856 1705 919 1769 τοῦ
936 1706 1110 1770 πολιτικοῦ
1129 1718 1150 1781 2

37 1805 255 1892 εκῐπλῆθους
276 1807 430 1876 ἐπίδοσιν
453 1811 501 1887 εἰς
524 1804 709 1896 εὐανδρίαν
734 1805 912 1894 ἐσχηκότος
934 1805 1110 1876 ἀπαναλῶ-

92 1919 155 1981 σαί
180 1939 213 1981 τι
239 1917 347 1995 καλῦς
374 1919 462 2002 ἔχειν
490 1912 589 2008 ᾤετο,
620 1915 677 1982 καί
705 1913 847 2002 μάλιστα
874 1912 912 1982 τό
941 1913 1110 2002 διάφορον
1125 1945 1151 1987 ιε

92 2019 185 2113 αὐτῷ
208 2043 287 2090 ποτε
308 2019 507 2108 γενόμενον,
525 2019 571 2102 ὡς
589 2019 634 2108 μῆ
659 2017 704 2088 δι’
725 2017 873 2103 ὑποψίας
890 2017 1014 2099 αὐτοὺς
1032 2025 1112 2108 ἔχοι.

91 2127 346 2216 κοινωσάμενος
380 2127 417 2197 δὲ
448 2142 520 2208 τοῖς
556 2133 755 2216 μειρακίοις,
793 2125 908 2213 ἐπειδὴ
944 2125 1112 2206 κάκείνοις

93 2233 215 2322 ἐδόκει,
238 2237 382 2303 δίδωσιν
407 2232 523 2314 αὐτοῖς
544 2239 651 2323 χωρία
673 2232 736 2320 μὲν
760 2223 810 2303 ὧν
827 2231 1001 2322 ἄρξουσιν,
1025 2237 1111 2301 ἔνθα

92 2344 211 2420 παῖδες
229 2339 324 2422 ὄντες
342 2341 547 2430 ἐτράφησαν,
566 2343 602 2410 ἐκ
617 2339 655 2409 δέ
672 2344 734 2410 τοῦ
753 2338 816 2409 λεὼ
832 2339 894 2409 τόν
912 2367 948 2409 τε
967 2337 1013 2408 δι’
1029 2336 1110 2408 ὑπο-

93 2452 175 2528 ψίας
192 2445 282 2539 αὐτῷ
302 2447 501 2536 γενόμενον,
522 2443 560 2527 ὃς
578 2452 691 2535 ἔμελλε
711 2450 938 2535 νεωτερισμοῦ
957 2451 1112 2527 εἰσαῦθις
1125 2477 1152 2516 εο

94 2551 219 2642 ἀρξειν,
241 2555 297 2622 καί
320 2563 355 2622 εί
372 2581 405 2623 τι
428 2553 585 2622 ἑκούσιον
606 2550 840 2641 ἀπαναστῆναι
864 2551 1030 2638 ἐβούλετο.
1066 2545 1110 2640 ῆν
1130 2565 1150 2630 3

95 2659 133 2727 δέ
156 2662 194 2730 ἐν
216 2660 351 2741 τούτοις
373 2659 460 2730 πολὺ
483 2659 547 2748 μὲν
570 2658 681 2749 ὥσπερ
705 2657 794 2741 εἰκὸς
816 2662 854 2729 ἐν
876 2657 972 2727 πόλει
995 2685 1110 2727 κινου-

93 2769 178 2857 μένη
201 2766 240 2838 τὸ
265 2771 448 2856 δημοτικὸν
470 2770 583 2855 γένος,
612 2766 732 2836 ἰκανὸν
761 2766 798 2836 δὲ
820 2766 876 2834 καί
899 2763 937 2834 τὸ
961 2762 1027 2834 ἀπὸ
1050 2769 1112 2834 τοῦ

92 2881 274 2963 κρατίστου
292 2873 476 2964 γνώριμον,
495 2876 531 2942 ἐκ
554 2872 592 2942 δέ
609 2877 671 2942 τοῦ
689 2875 842 2960 Τρωικοῦ
859 2869 898 2940 τὸ
917 2869 1111 2959 εῦγενέστα-

93 3008 154 3051 τον
179 2979 222 3069 δῆ
245 2979 478 3069 νομιζόμενον,
501 2981 535 3060 ἐξ
559 2973 600 3048 οὗ
618 2980 674 3047 καὶ
692 2984 809 3066 γενεαί
823 3003 913 3057 τινες
931 2981 979 3046 ἐτι
996 2980 1110 3066 περιῆ-
1125 3007 1151 3048 ετ

94 3107 160 3156 σαν
183 3091 232 3167 εἰς
254 3089 322 3195 ἐμέ,
341 3085 548 3174 πεντῆκοντα
571 3083 703 3173 μάλιστ’
725 3082 821 3154 οἶκοι.
863 3087 1052 3172 ἐχορηγεῖτο
1073 3082 1111 3151 δέ

167 3307 181 3356 1
208 3296 340 3370 φήσαντα
361 3301 499 3383 τιμωρίαν
522 3300 545 3354 Β
559 3319 626 3388 τιμ.
651 3295 717 3370 φῆο.
741 3301 766 3354 Β
847 3304 863 3352 9
888 3291 1111 3352 ἀνενεάοατοΟ

94 3367 300 3428 ἀνεσύοατοο.
319 3370 423 3427 Reiske
497 3377 528 3426 11
550 3365 728 3456 ἀκοσμίαςΒ
756 3365 877 3440 ἀνομίας
894 3369 920 3423 Β
993 3373 1025 3422 12
1047 3362 1111 3422 ἐπε-

94 3451 231 3502 νοεῖτοσ.
250 3442 355 3498 Reiske
416 3448 448 3498 13
468 3439 577 3504 οἰκίσας
595 3441 618 3496 Β
637 3436 701 3496 οἰκ
684 3459 754 3512 ησας
771 3442 797 3496 R
860 3445 893 3494 19
912 3434 1004 3494 τάνο.
1019 3438 1111 3494 Κίοεε-

95 3515 166 3586 ling,
184 3515 331 3570 Meutzner
348 3515 420 3569 Ann
438 3512 508 3583 phil.
526 3519 593 3569 1877
613 3531 640 3583 p.
655 3519 708 3568 833
727 3509 798 3568 τὸΟ
872 3517 907 3567 20
925 3505 1026 3582 ἤμελλε
1045 3511 1071 3564 A
