2698 3982
562 255 729 308 „A-
1134 255 1155 319 9

137 413 273 504 κισμὸν,
311 405 363 482 ῶν
405 409 477 482 οὐτ’
512 413 767 499 εὐσεβεστέρους
807 412 885 484 οὐτε
927 415 1157 503 δικαιοτέρους

140 520 216 591 οὐτε
239 519 448 609 σωφροσύνῃ
475 525 606 588 πλείονι
634 521 725 606 παρὰ
752 518 862 590 πάντα
888 518 951 589 τὸν
978 525 1055 606 βίον
1078 545 1155 610 χρη-

86 647 120 696 16
141 630 306 715 σαμένους
338 624 421 696 οὐδέ
449 653 487 712 γε
524 624 564 694 τά
596 628 738 714 πολέμια
769 631 939 713 κρείττους
968 624 1156 714 ἀγωνιστὰς

140 731 279 821 οὐδεμία
310 731 407 812 πόλις
438 730 580 819 ἤνεγκεν
613 730 691 802 οὐτε
714 729 834 812 Ἑλλὰς
866 731 943 802 οὐτε
975 733 1155 822 βάρβαρος,

139 844 170 908 εί
201 839 242 927 δὴ
276 837 416 908 ἀπέσται
448 843 509 908 τού
540 838 646 926 λόγου
676 837 715 908 τὸ
748 841 957 926 ἐπίφθονον·
993 845 1058 928 ἔχει
1089 839 1183 928 γάρτ

139 973 170 1014 τι
196 949 254 1016 καὶ
285 951 442 1016 τοιοῦτον
474 943 495 1033 ἡ
527 950 595 1016 τῶν
630 947 831 1032 παραδόξων
863 948 919 1016 καὶ
946 951 1155 1036 θαυμαστῶν

139 1050 325 1141 ὑπόσχεσις.
376 1057 412 1122 οἱ
437 1052 475 1122 δὲ
503 1053 692 1142 σύμπαντες
724 1057 759 1122 οἱ
787 1058 929 1124 τοσοῦτο
962 1053 1197 1144 περιθέντες4

141 1157 224 1249 αὐτῇ
262 1163 460 1241 δυναστείας
498 1161 641 1246 μέγεθος
681 1157 886 1247 ἀγνοοῦνται
927 1159 1010 1250 πρὸς
1040 1158 1156 1246 Ἐλλή-

139 1293 225 1355 νων,
258 1265 300 1335 οὐ
335 1270 491 1354 τυχόντες
527 1263 709 1353 ἀξιολόγου
741 1269 977 1355 συγγραφέως·
1014 1265 1156 1354 οὐδεμία

140 1371 203 1461 γάρ
227 1371 366 1462 ἀκριβὴς
394 1373 573 1460 ἐξελήλυθε
600 1374 676 1461 περὶ
704 1371 817 1442 αὐτῶν
840 1363 993 1460 Ἑλληνίς
1026 1377 1156 1462 ἱστορία
1170 1398 1199 1439 ιο

140 1483 235 1568 μέχρι
262 1483 330 1549 τῶν
358 1478 439 1550 καθ’
465 1477 552 1568 ἡμᾶς
580 1479 729 1570 χρόνων,
757 1477 810 1550 ὅτι
837 1477 882 1567 μὴ
916 1480 1157 1568 κεφαλαιώδεις

142 1587 293 1675 ἐπιτομαὶ
315 1587 406 1656 πάνυ
429 1577 593 1676 βραχεῖαι,

230 1696 287 1762 VI.
320 1693 457 1782 πρώτου
479 1693 557 1780 μεν,
584 1691 648 1762 ὅσα
670 1691 754 1781 κάμὲ
776 1684 1004 1782 είδέναι,’τὴν
1021 1693 1158 1782 Ῥώμαν

140 1799 204 1887 κήν
228 1796 468 1888 ἀρχαιολογίαν
492 1801 735 1890 ἐπιδραμόντος
752 1797 956 1888 Ἱερωνόμου
983 1805 1045 1870 τού
1068 1809 1156 1888 Καρ-

1 1969 8 1996 ,
89 1923 122 1972 1‘1
142 1910 264 1978 διανού
287 1909 506 1995 συγγραφέως
534 1909 571 1975 ἐν
594 1910 634 1996 τῇ
661 1907 737 1992 περὶ
764 1911 832 1974 τῶν
860 1907 1028 1993 ἐπιγόνων
1053 1932 1155 1996 πραγ-
1170 1930 1197 1972 ιε

142 2018 271 2103 ματείᾳ·
309 2018 419 2082 ἔπειτα
451 2019 594 2099 Τιμαίου
620 2017 682 2082 τοῦ
708 2011 915 2082 Σικελιώτου
942 2011 982 2080 τὰ
1009 2013 1072 2101 μεν
1099 2011 1157 2100 ἀρ·

142 2133 219 2208 χαία
242 2123 310 2188 τῶν
332 2123 491 2207 ἱστοριῶν
510 2122 546 2188 ἐν
565 2133 638 2199 ταῖς
655 2132 785 2200 κοιναῖς
804 2123 966 2209 ἱστορίαις
983 2117 1157 2208 ἀφηγησα-

142 2228 262 2314 μένου,
291 2223 371 2306 τούς
399 2225 436 2294 δέ
462 2224 546 2315 πρὸς
574 2225 716 2315 Πύρρον
742 2224 803 2294 τὸν
829 2223 1033 2314 Ἠπειρώτην
1061 2227 1156 2294 πολέ

142 2359 226 2420 μους
249 2338 297 2414 είς
320 2337 412 2401 ἱδίαν
439 2337 731 2421 καταχωρίσαντος
752 2337 992 2420 πραγματείαν·-·
1026 2331 1095 2420 ἅμα
1119 2331 1157 2400 δὲ

142 2439 274 2520 τούτοις
294 2438 491 2526 ’Λντιγόυου
513 2466 549 2508 τε
571 2439 627 2507 καὶ
645 2443 822 2524 Πολυβίου
844 2439 900 2506 καὶ
923 2444 1077 2526 Σιληνοῦ
1100 2438 1156 2507 καὶ
1171 2463 1198 2503 ιο

142 2551 273 2634 μυρίων
306 2543 430 2616 ἀλλων
454 2559 526 2624 τοῖς
561 2542 678 2624 αὐτοῖς
712 2543 905 2632 πράγμασιν
937 2542 1000 2633 οὐχ
1032 2544 1157 2633 ὁμοίως

89 2671 123 2722 18
143 2651 386 2739 ἐπιβαλόντων,
424 2643 473 2720 ῶν
506 2654 643 2732 ἕκαστος
680 2647 778 2737 όλίγα
808 2652 865 2720 καὶ
898 2649 979 2720 οὐδὲ
1010 2650 1157 2740 ἀκριβῶς

142 2757 232 2852 αὐτῶ
275 2759 582 2846 διεσπουδασμένα,
628 2755 702 2826 ἀλλ’
737 2759 772 2826 ἐκ
816 2762 884 2826 τῶν
931 2757 1156 2846 ἐπιτυχόντων

142 2864 365 2952 ἀκουσμάτων
396 2866 537 2945 συνθεὶς
569 2860 769 2952 ἀνέγραψεν.
819 2861 938 2951 ὁμοίας
965 2863 1004 2932 δὲ
1025 2861 1199 2943 τούτοις2

214 3094 279 3152 όεί
295 3093 327 3152 δὲ
346 3095 373 3148 Α
404 3096 462 3164 είγε
488 3093 646 3165 Stephanus
737 3091 802 3150 7οἱ
823 3092 855 3150 δέ
874 3093 921 3150 Bb
958 3089 993 3149 οὐ
1012 3091 1043 3148 δὶ
1067 3092 1154 3164 ΑΒοΙ

143 3168 260 3224 τοσοῦτο
288 3171 313 3222 A
359 3167 494 3222 τοσοῦτον
521 3167 547 3220 R
636 3161 702 3220 θοὶ
727 3161 860 3235 τυχόντες
882 3167 924 3220 Ba
942 3168 948 3233 Ι
968 3160 1037 3220 οὐδὲ
1062 3163 1157 3235 μίαΑ

180 3245 213 3296 1⁶
233 3235 467 3309 ἐπειγομένωνΒ
558 3242 591 3291 19
614 3233 867 3306 καταχωρήσαντος
889 3236 938 3290 ΑΒ
1028 3242 1062 3290 22
1087 3231 1155 3290 οὐδὲ

143 3304 267 3397 ἀχριβῶς
285 3305 363 3394 αὐτῶ
378 3306 645 3378 διεσπουδασμένως
658 3306 681 3361 Β
698 3378 704 3391 ι
719 3303 787 3363 οὐδὲ
802 3303 876 3394 αὐτὰ
892 3306 1157 3430 διεσχτοιχδατμένας

144 3374 410 3521 ιιλκααλ
423 3379 858 3531 οιλιλαιλῑλίλδ
874 3375 1046 3518 καί
1059 3397 1157 3520 με

144 3523 206 3578 doni
224 3523 387 3592 secluserat,
409 3521 580 3593 Graeberger
598 3521 675 3578 Τεεε.
697 3520 812 3592 Ηετοιρ.
834 3539 861 3590 p.
877 3527 893 3574 9
