2660 3986
606 235 772 286 ..Γ-

180 393 311 463 πόλεωυ
334 390 416 460 κατὰ
440 391 541 460 τάσδε
568 389 628 472 τάς
650 388 830 479 ὁμολογίας
858 387 876 459 ό
899 388 1055 478 βασιλεὺς
1077 388 1195 479 κύριος

180 500 405 569 ἐπιεικέστατα
422 497 545 579 πάσαις
558 499 774 585 προσηνέχθη
787 498 849 565 -καὶ
867 497 1080 585 μετριώτατα.
1117 495 1197 566 οὔτε

180 605 245 695 γάρ
277 603 471 675 ἀπέκτεινεν
503 603 582 674 οὔτε
613 605 753 692 φεύγειν
783 601 975 692 ἠνάγκασεν
1008 602 1085 674 οὔτε
1118 602 1197 692 χρῆ-

180 734 283 802 μασιν
311 714 469 800 ἐζημίωσε
493 716 652 780 Λατίνων
679 709 804 780 οὐδένα
833 715 901 799 γῆν
921 737 957 781 τε
980 709 1094 792 αὐτοῖς
1115 739 1195 800 καρ-

88 889 92 896 ,
153 825 332 890 οποῦσθαι
359 818 423 907 τὴν
452 820 581 888 ἑαυτῶν
609 817 766 904 ἐπέτριψε
792 819 850 886 καὶ
877 817 1094 905 πολιτεύμασι
1117 819 1196 908 χρῆ-

178 935 306 998 σασθαι
333 938 405 1006 τοῖς
431 929 584 1012 πατρίοις
611 927 751 1013 ἐφῆκεν,
786 923 977 994 ἀποδοῦναι
1005 925 1043 994 δὲ
1070 924 1197 1007 αὐτοὺς

179 1036 331 1104 ἐκέλευσε
361 1031 538 1120 Ῥωμαίοις
577 1032 657 1113 τούς
697 1057 732 1101 τε
773 1029 984 1119 αὐτομόλους
1021 1033 1078 1101 καὶ
1114 1032 1195 1113 τοὺς

179 1139 409 1230 αἰχμαλώτους
436 1137 520 1208 ἄνευ
552 1138 685 1228 λύτρων
715 1137 929 1227 θεράποντάς
959 1165 995 1208 τε
1027 1139 1194 1208 ἀποκατα-

180 1251 299 1334 στῆσαι
320 1259 392 1326 τοϊς
415 1244 592 1325 δεσπόταις
620 1243 711 1314 ὅσων
738 1246 895 1332 έγένοντο
921 1244 1006 1314 κατὰ
1031 1244 1090 1327 τάς
1112 1271 1195 1331 προ·

139 1385 166 1426 ιο
179 1354 286 1442 νομὰς
312 1351 425 1439 κύριοι
451 1352 507 1420 καλ
535 1352 686 1440 χρήματα
714 1350 779 1421 ὅσα
805 1351 885 1433 τοὺς
906 1351 1076 1440 γεωργοὺς
1099 1350 1195 1440 άφεί-
1314 1373 1317 1398 *

179 1469 280 1529 λοντο
304 1463 463 1528 διαλῦσαι
484 1459 540 1526 καὶ
564 1468 598 1528 εί
616 1487 648 1528 τι
667 1458 749 1527 άλλο
767 1461 980 1546 κατέβλαψαν
1002 1455 1023 1546 ῆ
1043 1461 1203 1548 διέιμθει-1

140 1573 160 1638 3
179 1593 244 1655 ραν
267 1569 304 1636 ἐν
326 1579 398 1646 ταῖς
420 1569 590 1652 εἰσβολαῖς
617 1568 866 1655 ἐπανορθῶσαι.
906 1570 1010 1634 ταῦτα
1039 1565 1076 1634 δέ
1099 1566 1195 1654 ποιή-

179 1693 303 1754 σαντας
325 1671 413 1742 εἷναι
431 1677 554 1761 φίλους
571 1670 745 1760 Ῥωμαίων
768 1677 825 1740 καὶ
844 1672 1039 1761 συμμάχους
1061 1671 1197 1742 άπαντα

178 1780 383 1867 πράττοντας
406 1775 532 1848 ὅσαάν
551 1780 673 1848 ἐκείνοι
690 1779 882 1850 κελεύωσιν.
928 1777 946 1849 ὁ
966 1780 1028 1867 μὲν
1047 1779 1090 1867 δὴ
1109 1781 1197 1865 πρὸς

138 1908 165 1951 ιι
178 1893 347 1968 Λατίνους
366 1889 490 1967 συστὰς
503 1884 679 1974 Ῥωμαίοις
696 1886 841 1974 πόλεμος
859 1891 907 1968 είς
924 1891 1023 1960 τοῦτο
1042 1887 1081 1957 τὸ
1100 1891 1197 1970 τέλος

178 1995 377 2081 κατέσκηψε,
405 1994 462 2062 καὶ
489 1991 646 2079 βασιλεὺς
672 1993 858 2082 Ταρκύνιος
883 1994 945 2064 τὸν
968 1997 1133 2064 ἐπινίκιον
1158 1998 1197 2066 έκ

177 2103 239 2168 τοῦ
263 2101 412 2188 πολέμου
429 2100 553 2170 τούτου
575 2100 740 2188 κατήγαγε
762 2107 942 2188 θρίαμβον.

268 2209 336 2275 LV.
376 2211 429 2296 Τῷ
459 2203 491 2274 δ’
520 2208 594 2295 ἑξῆς
623 2212 688 2276 ἔτει
713 2207 918 2297 παραλαβὼν
949 2206 1012 2296 τὴν
1040 2208 1249 2297 δόναμινὸσι

179 2315 232 2384 ἐπὶ
256 2320 430 2402 Σαβίνους
456 2307 539 2402 ῆγεν
568 2317 603 2383 έκ
626 2319 755 2384 πολλοῦ
783 2312 846 2402 τῆν
867 2321 1063 2402 προαίρεσιν
1087 2314 1197 2385 αὐτοῦ

138 2441 165 2483 τι
178 2422 234 2490 καὶ
262 2420 325 2509 τὴν
352 2419 568 2509 παρασκευὴν
595 2419 657 2508 τὴν
685 2419 739 2509 ἐφ’
766 2419 905 2502 ἑαυτοὺς
932 2422 1196 2508 προεγνωκότας.

178 2525 241 2616 οὐχ
263 2525 505 2615 ὑπομείναντες
532 2528 570 2596 δὲ
592 2532 640 2608 είς
662 2526 724 2614 τῆν
748 2527 879 2596 ἑαυτῶν
900 2527 1014 2617 χάραν
1036 2541 1196 2614 παρεῖναι

177 2632 238 2702 τὸν
275 2633 439 2720 πόλεμον,
480 2631 556 2704 ἄλλ’
591 2632 1003 2722 ἀντιπαρασκευασάμενοι
1045 2634 1195 2723 δύναμιν

180 2737 300 2827 ἱκανὴν
328 2738 478 2829 έχιόρουν
508 2738 620 2828 ὁμόσε.
668 2740 853 2828 γενομένης
880 2741 918 2809 δὲ
946 2740 1061 2822 αὐτοῖς
1087 2741 1197 2830 μάχης

177 2846 254 2934 περὶ
276 2845 317 2914 τό
339 2845 485 2935 μεθόρια
512 2851 571 2935 τῆς
598 2845 708 2935 χώρας
735 2845 813 2936 ἄχρι
840 2848 964 2929 νυκτός
987 2851 1109 2917 ένίκυν
1131 2850 1195 2936 μὲν

138 2972 165 3015 ει
179 2949 368 3041 οὐδέτεροι,
404 2953 497 3022 πάνυ
534 2952 566 3022 δ’
602 2957 747 3042 ίσχυρῶς
788 2953 958 3042 έπόνησαν
997 2953 1194 3043 ἀμφότεροι.

139 3065 160 3130 2
178 3073 250 3141 ταῖς
272 3064 358 3148 γοῦν
382 3060 456 3148 ἑξῆς
478 3057 619 3150 ἡμέραις
641 3059 719 3130 οὔτε
742 3057 760 3129 ό
784 3064 853 3130 τόν
872 3066 1035 3149 Σαβίνων
1057 3058 1194 3148 ῆγεμοὶν

178 3170 327 3254 προῆγεν
357 3170 394 3236 ἐκ
424 3171 487 3236 τοῦ
519 3167 664 3256 χάρακος
695 3166 754 3249 τὰς
781 3167 943 3256 δυνάμεις
970 3165 1047 3237 οὔτε
1076 3164 1094 3236 ό
1123 3171 1193 3238 τιόν

251 3315 267 3363 6
287 3304 392 3373 αότοδς
409 3309 433 3364 Β
451 3326 505 3367 om.
524 3310 550 3365 R
623 3315 656 3364 10
674 3306 742 3373 τοός
760 3306 903 3380 γεωργοὺς
922 3305 1075 3380 άφείλοντο
1094 3310 1117 3364 Β
1140 3303 1193 3380 άφ.

178 3399 201 3435 τ.
215 3399 241 3448 γ.
255 3378 282 3432 R
336 3386 370 3435 21
389 3379 525 3450 παριέναι
544 3398 567 3437 ο.
577 3379 728 3452 ΚίοιεῙίιις,
738 3379 827 3437 Cobet
839 3380 904 3436 Obs.
920 3399 946 3452 p.
958 3387 992 3436 ⁷0
1046 3385 1081 3436 25
1096 3377 1193 3450 έποίη·
1302 3379 1310 3396 '

179 3467 232 3504 σαν
251 3449 277 3502 Α
340 3457 374 3506 27
393 3453 499 3521 προῆγε
515 3453 538 3506 Β
556 3453 679 3522 προσῆγε
694 3453 720 3506 R
735 3453 740 3522 Ι
755 3449 807 3515 τάς
825 3452 962 3524 δυνάμεις
981 3447 1013 3507 έκ
1032 3453 1083 3507 τοῦ
1102 3448 1192 3522 χάρα-

178 3538 229 3582 κος
247 3520 270 3576 Ο
289 3523 400 3592 praeter
417 3522 440 3575 B
