2660 3986
607 194 774 244 „1¹-

182 350 362 440 ἐλῄστευον
395 347 460 437 γὰρ
493 353 528 418 οί
557 351 727 438 Τυρρηνοὶ
755 347 835 430 τοὺς
865 348 1032 436 ἐμπόρους
1063 346 1197 418 ἅπασαν

143 460 164 524 2
183 457 375 544 κατέχοντες
397 455 460 544 τήν
484 458 636 526 ἐπέκεινα
654 461 716 525 τοῦ
734 461 886 545 ποταμοῦ
909 456 1035 544 χάραν·
1058 458 1115 524 καὶ
1136 453 1197 542 τήν

184 567 324 651 ξυλίνην
346 565 514 651 γέφυραν,
537 560 581 652 ἣν
604 563 689 632 άυευ
711 568 836 651 χαλκοῦ
858 564 914 632 καὶ
938 563 1082 652 σιδήρου
1106 565 1197 631 δεδέ-

184 679 267 738 σθαι
289 673 389 759 θέμις
411 669 468 739 ὑπ’
493 669 606 741 αὐτῶν
635 671 924 759 διακρατουμένην
947 672 1015 738 τῶν
1040 670 1197 754 ξυλίνων,

157 779 313 858 τέκείνος
345 780 513 846 ἐπιθεῖναι
544 781 590 869 τῷ
622 778 755 866 Τεβέρει
782 779 927 864 λέγεται,
957 772 1001 865 ἣν
1031 773 1109 865 άχρι
1135 776 1197 843 τοῦ

184 885 351 971 παρόντος
398 883 683 971 διαφυλάττουσιν
731 882 825 971 ίεράυ
868 881 957 952 εἶναι
998 887 1198 969 νομίζοντες.

185 994 216 1058 εί
239 991 279 1058 δέ
299 1015 330 1056 τι
355 989 535 1076 πονήσειεν
558 987 661 1076 αὐτῆς
683 991 783 1077 μέρος
812 992 847 1057 οί
876 988 1074 1076 ἱεροφάνται
1097 997 1198 1076 θερα-

183 1095 324 1165 πεύουσι
351 1101 475 1175 θυσίας
495 1094 590 1176 τινάς
614 1098 840 1176 ἐπιτελοῦντες
860 1092 929 1182 άμα
951 1099 991 1184 τή
1010 1096 1196 1182 κατασκευῇ

145 1206 166 1270 3
185 1208 355 1290 πατρίους.
399 1205 504 1272 ταῦτα
528 1203 794 1290 διαπραξάμενος
822 1202 875 1270 ἐπὶ
898 1205 956 1290 τής
980 1205 1068 1281 ίδίας
1091 1199 1251 1289 άρχήςσ37
1306 1219 1307 1226 ’

146 1307 204 1378 ιοὸ
229 1307 385 1396 βασιλεὺς
416 1299 514 1389 οὗτος
542 1312 689 1396 ἱστορίας
717 1307 793 1390 άξια
821 1311 877 1377 καὶ
900 1307 962 1394 τήν
980 1305 1112 1394 Ῥοόμην
1136 1306 1200 1376 οὐκ

187 1413 290 1507 ὀλίγῳ
313 1420 486 1505 κρείττονα
514 1413 687 1502 παραδοὺς
714 1415 792 1503 τοῖςζ
810 1415 1055 1502 ἐπιγινομένοις
1077 1405 1118 1501 ής
1140 1412 1200 1482 αὐ·
1306 1443 1307 1506 γ

185 1521 241 1603 τὸς
263 1525 467 1610 παρέλαβεν,
491 1527 546 1609 ἐτη
568 1523 707 1611 τέτταρα
729 1519 813 1613 πρός
835 1536 905 1603 τοῖς
927 1531 1033 1607 είκοσι
1055 1519 1117 1606 τήν
1140 1525 1200 1606 βα·
1306 1515 1307 1532 ’

187 1635 315 1698 σιλείαν
342 1627 517 1718 κατασχὼν
545 1625 754 1716 ἀποθνήσκει
782 1629 845 1698 δύο
873 1616 1064 1698 καταλιπὼν
1091 1627 1200 1712 υίούς,
1306 1707 1307 1734 1

176 1734 247 1823 ,τὸν
271 1735 333 1823 μέν
362 1741 410 1805 ἐτι
437 1741 541 1805 παῖδα
568 1734 630 1823 τήν
658 1733 803 1823 ἡλικίαν,
825 1733 886 1804 τὸν
912 1735 950 1803 δὲ
972 1732 1201 1823 πρεσβύτερον
1306 1741 1307 1794 λ

147 1867 173 1908 15
189 1839 310 1925 άρτίως
332 1845 522 1928 γενειῶντα.
872 1875 879 1888 ·
1306 1915 1307 1930 ἢ

169 1961 181 1985 ’
275 1951 457 2020 XXXXVI.
493 1947 590 2018 Μετὰ
619 1948 656 2016 δέ
678 1947 739 2018 τὸν
752 1946 880 2034 ’Ἁγκυυ
904 1952 1063 2035 Μαρκίου
1091 1947 1201 2016 θάνα-

187 2081 248 2124 τον
270 2052 291 2141 ἡ
315 2053 423 2142 βουλὴ
446 2054 548 2123 πάλιν
567 2057 806 2142 ἐπιτρέψαντος
823 2053 908 2144 αὐτῇ
932 2059 993 2124 τοῦ
1013 2053 1124 2142 δήμου
1141 2078 1200 2122 πο·

187 2165 313 2229 λιτείαν
342 2157 386 2247 ἣν
417 2159 574 2248 ἐβούλετο
604 2160 878 2248 καταστήσασθαι
910 2163 1025 2249 μένειν
1057 2161 1111 2228 ἐπὶ
1142 2163 1202 2246 τῆς

188 2265 291 2356 αὐτῆς
328 2271 414 2354 ἐγνω
450 2269 506 2334 καὶ
543 2263 761 2336 ἀποδείκνυσι
798 2273 1036 2354 μεσοβασιλεῖς.
1093 2269 1129 2334 οί
1164 2265 1203 2334 δέ
1306 2291 1307 2366 η

148 2397 175 2436 2⁰
189 2373 438 2460 συναγαγόντες
469 2378 517 2453 είς
548 2371 762 2462 άρχαιρεσίας
794 2371 831 2442 τὸ
865 2378 996 2461 πλῆθος
1025 2375 1202 2460 αίροόνται

187 2483 327 2565 βασιλέα
355 2480 502 2549 Λεύκιον
534 2479 732 2568 Ταρκύνιον.
783 2479 1043 2567 βεβαιωσάντων
1076 2478 1114 2548 δὲ
1145 2479 1203 2548 καὶ

188 2591 258 2655 τῶν
285 2585 375 2674 παρὰ
402 2591 464 2655 τοῦ
493 2589 675 2673 δαιμονίου
705 2591 853 2674 σημείων
879 2584 919 2654 τά
946 2585 1107 2673 κριθέντα
1135 2583 1203 2655 ὑπὸ

189 2698 250 2763 τοῦ
283 2691 437 2780 πλήθους
469 2691 724 2780 παραλαμβάνει
757 2690 820 2778 τήν
853 2697 1027 2778 βασιλείαν
1060 2693 1203 2784 ἐνιαυτῷ

192 2799 336 2892 δευτέρην
364 2798 507 2886 μάλιστα
536 2802 595 2885 τής
625 2802 703 2885 μιᾶς
729 2799 785 2866 καί
812 2801 1071 2885 τετταρακοστῆς
1101 2794 1204 2886 ὀλυμ·

150 2927 177 2969 ει
190 2906 325 2993 πιάδος,
354 2902 397 2993 ἣν
427 2907 520 2973 ένίκα
544 2903 726 2992 <στάδιον>
749 2903 932 2984 Κλεώνδας
955 2909 1117 2992 Θηβαῖος,
1145 2903 1204 2992 άρ-

150 3008 171 3072 2
191 3040 310 3102 χοντος
325 3011 509 3099 Ἀθήνησιν
524 3009 729 3098 Ἡνιοχίδου.
760 3013 891 3097 γονέων
908 3013 938 3078 δ’
956 3008 1083 3080 ὁποίων
1098 3015 1204 3080 τινῶν

76 3141 78 3144 ·
192 3110 290 3200 οὗτος
312 3116 331 3188 δ
354 3119 540 3207 Ταρκύνιος
562 3111 605 3205 ήν
623 3119 679 3186 καὶ
698 3121 858 3204 πατρίδος
881 3120 914 3200 ἐξ
932 3109 972 3205 ής
991 3122 1057 3205 έφυ
1079 3118 1135 3186 καὶ
1155 3114 1201 3185 δι’

261 3311 440 3369 3δεδὲαθαι
463 3314 486 3368 Β
510 3311 614 3368 οιαῖλ
699 3314 858 3378 λξυλίνων
883 3313 905 3368 O
931 3309 1022 3378 ξύλων
1045 3312 1205 3381 Stephanus
1306 3359 1307 3376 ,

192 3381 458 3454 σφυλάττοασινΒ
514 3381 648 3440 ἵοίοω.
669 3385 721 3438 ΑΒ
783 3390 815 3438 12
836 3380 1035 3452 ἐτηΒέπὶΒ
1093 3390 1127 3439 20
1147 3382 1204 3456 είς]
1306 3383 1307 3420 3

191 3451 228 3518 ὡς
237 3459 262 3510 Α
299 3460 332 3510 25
345 3452 459 3510 στάδιον
475 3455 584 3510 om.AB
594 3455 598 3527 Ι
608 3457 761 3518 κλεωνίδας
770 3459 794 3508 Α
806 3457 954 3517 κλεονίδας
964 3455 985 3508 Β
996 3471 1065 3510 corr.
1073 3455 1205 3510 Meineke
1306 3467 1307 3518 λ
