2670 3984
526 260 690 310 -A-
778 251 787 266 ⁰
1051 257 1113 322 127

96 414 156 485 ὑπ’
181 415 287 486 αύτού
310 421 475 506 περὶτῶν
500 415 655 504 διδύμων
677 419 810 486 παίδων
837 415 960 502 λόγους
988 420 1115 504 διεξῆλ-

96 533 165 592 θεν
188 522 287 611 ἠξίου
308 551 344 593 τε
366 529 480 594 πίστιν
502 523 712 611 ποιήσασθαι
734 522 860 611 ταύτην
890 527 958 591 τεόν
981 525 1115 610 λεγομέ-

96 657 187 716 νων,
216 635 247 700 εί
272 633 427 712 τοιοῦτος
454 627 473 700 δ
501 634 561 718 τῆς
584 627 709 710 ἀδίνος
735 633 827 699 ἔσται
854 629 972 717 γόνος,
1000 623 1114 699 οἷονὸ

96 736 181 818 θεός
198 734 406 826 ὑφηγήσατο.
433 737 489 805 καὶ
507 733 573 824 γάρ
593 733 679 824 όμού
697 761 729 804 τι
747 741 793 828 τῷ
812 742 937 806 τίκτειν
951 734 1038 806 εἶναι
1052 734 1114 824 τὴν

96 842 218 932 κόρην,
237 842 321 913 ὥστε
340 843 422 930 (οὐκ
441 848 510 931 είς>
529 841 660 931 μωκράν
683 845 901 934 ῥᾳδιουργεῖν
920 843 1141 931 φανήσεταιι

97 951 286 1038 παρεδίδου
318 949 356 1018 δὲ
387 950 443 1018 καὶ
474 947 533 1030 τάς
564 948 799 1036 φυλαττούσας
826 949 889 1038 τὴν
920 949 1027 1038 κόρην
1058 951 1114 1018 καὶ

98 1057 245 1144 ἐλέγχων
270 1053 411 1136 οὐδενὸς
432 1054 606 1144 ἀφίστατο.
646 1059 751 1124 ταῦτα
773 1059 931 1143 λέγοντος
951 1053 1113 1126 αὐτοῦτὸ
1132 1057 1155 1120 4

47 1161 168 1249 ιοομὲν
190 1165 259 1232 τῶν
283 1165 459 1250 συνέδρων
477 1165 609 1250 πλῆθος
632 1165 800 1248 ἐπείθετο,
821 1161 975 1251 Ἀμόλιος
997 1161 1035 1231 δέ
1058 1160 1114 1232 ού-

98 1267 160 1337 ‹III›
192 1267 284 1356 ὑγιὲς
316 1267 481 1357 ἀπέφαινε
511 1273 581 1338 τῶν
608 1268 834 1358 ἀξιουμένων,
866 1267 940 1338 ἀλλ’
966 1271 1002 1339 έκ
1030 1293 1113 1338 παν-

96 1374 156 1456 τὸς
193 1374 326 1465 όόρμητο
362 1376 490 1466 τρόπον
526 1374 588 1464 την
629 1374 817 1465 ἀνθρωπον
852 1373 1023 1446 ἀπολέσαι.
1077 1377 1115 1444 ἐν
1130 1402 1155 1442 ιο

97 1479 169 1574 ὅσω
199 1483 236 1550 δὲ
263 1481 355 1552 ταῦτ’
381 1485 512 1570 ἐγένετο
540 1485 696 1571 παρῆσαν
726 1485 762 1550 οί
785 1480 848 1569 τὴν
877 1479 985 1551 όδίνα
1008 1509 1115 1570 φρου-

97 1603 174 1679 ρείν
201 1591 383 1678 ταχθέντες
408 1587 658 1677 ἀποφαίνοντες
685 1586 813 1676 ἀρρενα
845 1591 955 1678 βρέφη
988 1593 1115 1677 δίδυμα

95 1710 207 1766 τεκεῖν
234 1695 296 1784 τὴν
323 1696 445 1784 κόρην,
476 1697 533 1765 καὶ
565 1693 684 1766 αὐτίκα
711 1697 871 1784 Νεμέτωρ
904 1696 966 1783 μὲν
999 1698 1037 1764 έν
1069 1699 1114 1787 τῷ

97 1801 190 1896 αύτῷ
214 1801 319 1884 πολὺς
340 1795 385 1890 ἦν
408 1802 498 1895 λόγῳ
521 1807 582 1872 τοῦ
606 1807 693 1872 θεοῦ
719 1829 755 1871 τε
777 1801 978 1882 ἀποδεικνὺς
1000 1801 1038 1871 τὸ
1063 1807 1115 1890 ἔρ

96 1937 163 1998 γον
186 1911 242 1978 καὶ
266 1910 373 1998 μηδὲν
396 1915 444 1990 είς
465 1908 527 1998 τὴν
550 1910 657 1997 κόρην
675 1907 830 1978 ἀναίτιον
850 1901 956 1978 οὖσαν
973 1912 1035 1978 τοῦ
1053 1907 1114 1976 πά-
1129 1931 1155 1972 ιε

96 2027 189 2098 θους
206 2031 415 2106 παρανομεῖν
438 2015 555 2099 ἀξιῶν·
575 2014 717 2108 Ἀμολίφ
742 2015 779 2084 δὲ
797 2019 866 2084 τῶν
890 2013 1114 2101 ἀνθρωπείων

96 2153 132 2194 τι
155 2123 403 2212 μηχανημάτων
431 2123 487 2191 καὶ
514 2120 552 2192 τὸ
576 2124 651 2210 περὶ
679 2121 739 2192 τὸν
766 2121 868 2192 τόκον
891 2121 1001 2191 ἐδόκει
1023 2123 1115 2206 γενέ-

98 2240 185 2300 σθαι
207 2230 545 2318 παρασκευασθέντος
574 2229 691 2318 ἑτέρου
716 2243 790 2310 ταίς
812 2229 946 2316 γυναιξί
967 2231 1116 2316 βρέφους

97 2335 120 2425 ἢ
153 2335 268 2426 κρύφα
303 2339 372 2404 τόν
407 2334 570 2423 φυλάκων
606 2331 628 2422 ἢ
661 2334 1027 2424 συγκακουργούντων,
1060 2333 1115 2401 καί

98 2441 208 2513 πολλὰ
227 2447 274 2524 είς
290 2447 391 2512 τοῦτο
410 2444 541 2529 έλέχθη.
584 2439 629 2522 ὥς
647 2442 685 2510 δὲ
703 2441 764 2530 τὴν
783 2442 923 2530 γνεόμην
941 2445 1003 2510 τοῦ
1020 2445 1114 2527 βασι-

100 2552 184 2630 λέως
207 2553 338 2636 ἔμαθον
363 2552 397 2617 οί
418 2547 579 2638 σύνεδροι
597 2546 810 2640 ἀπαραιτήτῳ
826 2552 909 2637 <τῇ>
928 2546 1012 2637 ὀργῇ
1031 2573 1115 2636 χρω-

1134 2409 1156 2476 5

1129 2499 1155 2538 20

94 2643 208 2744 ’μένην
236 2657 438 2723 ἐδικαίωσαν
469 2655 524 2722 καὶ
556 2653 653 2724 αὐτοὶ
683 2655 837 2743 καθάπερ
865 2657 992 2734 έκείνος
1019 2653 1116 2741 ἠξίου

99 2763 294 2851 χρησασθαι
315 2765 361 2853 τῷ
380 2760 475 2852 νόμῳ
494 2761 666 2830 κελεύοντι
685 2759 747 2848 τὴν
766 2761 828 2849 μὲν
848 2761 1059 2850 αἰσχύνασαν
1077 2759 1115 2829 τὸ

101 2874 198 2958 σῶμα
216 2869 356 2958 ῥάβδοις
374 2873 588 2937 αίκισθείσαν
607 2866 808 2954 ἀποθανεῖν,
830 2867 868 2938 τὸ
891 2868 929 2937 δὲ
947 2867 1115 2956 γεννηθὲν

46 2983 153 3058 ποθείς
179 2975 217 3046 τὸ
245 2979 307 3045 τού
333 2979 486 3062 ποταμοῦ
510 2973 696 3061 βάλλεσθαι
723 2977 878 3064 ῥείθρου·
910 2980 976 3043 νῦν
999 2976 1113 3061 μέντοι
1128 2983 1155 3024 ²⁶

174 3249 190 3297 2
209 3238 317 3312 ταύτην
335 3242 358 3295 Β
375 3241 466 3295 ταῦτα
485 3242 511 3296 R
573 3247 643 3296 4—-5
663 3241 712 3296 καὶ
730 3235 828 3310 γάρ-
840 3234 1000 3308 φανήσεται
1019 3254 1073 3295 om.
1093 3239 1115 3292 B

102 3321 117 3369 ὃ
138 3310 192 3370 ούκ
211 3312 251 3376 τίς
270 3313 333 3370 add.
353 3313 402 3368 ste
421 3313 512 3367 hanun
529 3315 533 3380 Ι
551 3311 579 3367 εί
595 3309 761 3385 ῥᾳδιουργεῖ
777 3330 799 3366 ο.
814 3311 916 3366 Reiske
985 3316 1001 3364 9
1020 3304 1115 3375 ἀξιον-

102 3385 196 3456 μένων
215 3384 374 3454 Stephanus
392 3330 637 3454 ἀὲιολογονμένων
657 3383 680 3438 Ο
737 3389 770 3437 12
790 3383 895 3452 δίδυμα
909 3384 975 3506 γοεί
991 3375 1116 3450 κόρηνΒ

103 3463 135 3511 15
154 3457 206 3511 τοῦ
221 3451 337 3518 πάθους
356 3471 410 3510 om.
429 3455 452 3507 B
516 3460 549 3508 21
569 3455 602 3526 τῇ
622 3454 685 3509 αδδ.
701 3452 908 3524 GrasbergerP
929 3453 958 3506 11.
971 3451 1116 3506 XXXVIII

102 3546 128 3597 p.
148 3533 201 3583 548
275 3532 308 3580 23
328 3521 490 3595 χρήσασθαι
508 3525 531 3579 Β
549 3526 674 3595 χρῆσθαι
692 3526 718 3579 R
