2670 3984
548 241 711 294 -B-
1072 239 1136 306 163

115 398 291 487 Ῥωμαίων
323 398 498 470 ἀπῶλοντο
530 398 761 490 πανώλεθροι,
793 401 912 470 πολλοὶ
941 399 973 469 δ’
1005 401 1041 468 ἐν
1073 409 1136 470 θα-

61 505 226 596 249λάττη
251 505 365 575 στόλοι
394 499 630 594 διεφθάρησαν
661 505 861 594 αὔτανδροι,
890 505 987 576 ἀλλαι
1017 533 1051 575 τε
1082 533 1136 595 με·

117 612 218 700 γάλαι
246 615 302 682 καὶ
331 615 438 684 δειναί
465 616 667 704 περιπέτειαι
695 617 735 704 τῇ
762 613 857 683 πόλει
888 615 1074 683 συνέπεσον
1101 618 1139 682 αί

118 719 183 808 μέν
205 721 242 790 έν
267 719 418 802 ὀθνείοις
439 723 611 808 πολέμοις,
636 725 674 790 αί
698 721 736 789 δέ
762 720 845 791 κατὰ
869 717 929 801 τάς
951 723 1136 808 ἐμφυλίους

119 831 345 920 διχοστασίας,
359 827 589 917 ἐμφανεστάτη
609 827 648 896 δὲ
666 828 721 896 καὶ
739 833 877 915 μεγίστη
895 827 951 896 καί
969 825 1052 896 κατὰ
1070 826 1269 924 τὴνμκ

119 933 203 1022 ἐμὴν
231 933 381 1023 ἡλικίαν,
408 933 463 1004 ὅτε
492 940 667 1015 Λικίννιος
696 939 856 1022 Κράσσος
883 932 969 1022 ἀνὴρ
993 932 1135 1014 οὐδενὸς

119 1041 277 1129 δεύτερος
303 1045 372 1110 τῶν
399 1039 478 1110 καθ’
505 1039 627 1111 ἑαυτὸν
655 1038 833 1129 ἡγεμόνων
861 1039 1020 1129 στρατιάν
1051 1032 1134 1128 ἦγεν

118 1149 173 1216 ἐπὶ
195 1148 233 1217 τὸ
258 1137 418 1235 Πάρθων
438 1153 555 1234 ἔθνος,
578 1151 841 1235 ἐναντιουμένου
867 1152 929 1218 τοῦ
954 1151 1135 1235 δαιμονίου

116 1253 226 1323 πολλά
253 1261 382 1342 χαίρειν
411 1255 542 1344 φράσας
563 1269 635 1336 τοῖς
664 1253 889 1342 ἀποτρέπουσι
920 1253 983 1342 τὴν
1016 1257 1135 1338 ἔξοδον

118 1365 255 1440 οίεονοίς
278 1365 411 1449 μυρίοις
429 1359 522 1442 ὅσοις
543 1363 748 1449 γενομένοις.
790 1359 863 1430 ἀλλ’
884 1357 969 1448 ὑπὲρ
993 1361 1055 1449 μέν
1075 1366 1135 1450 τῆς
1149 1379 1175 1420 1⁰

117 1471 167 1548 είς
189 1464 228 1537 τὸ
253 1467 432 1554 δαιμόνιον
455 1465 649 1557 ὀλιγωρίας,
673 1459 694 1558 ᾗ
717 1473 866 1556 χρῶνταί
890 1493 978 1547 τινες
1005 1471 1136 1550 ἐντοῖς

115 1573 197 1644 καθ’
223 1572 310 1662 ἡμᾶς
331 1573 478 1661 χρόνοις,
501 1576 589 1644 πολὺ
612 1580 713 1664 ἔργον
735 1571 778 1642 ἀν
801 1584 853 1662 είη
876 1576 996 1662 λέγειν.

208 1683 282 1750 VH.
300 1677 336 1748 Ὁ
359 1680 396 1750 δὲ
414 1679 582 1770 Ῥωμύλος
600 1679 816 1768 ἀποδειχθείς
832 1686 956 1751 τοῦτον
977 1679 1039 1751 τὸν
1061 1683 1135 1770 τρό-

14 1865 15 1868 χ
115 1814 183 1858 πον
206 1787 273 1858 ὑπό
296 1817 331 1858 τε
353 1785 549 1878 ἀνθρώπων
572 1789 628 1857 καὶ
651 1792 745 1857 θεῶν
772 1786 930 1875 βασιλεὺς
957 1788 997 1858 τά
1020 1816 1055 1858 τε
1078 1815 1135 1858 πο-

114 1895 214 1983 λέμια
242 1897 353 1976 δεινὸς
378 1897 434 1966 καί
465 1899 707 1984 φιλοκίνδυνος
734 1893 946 1983 ὡμολόγηται
972 1896 1132 1983 γενέσθαι
1147 1913 1173 1954 15

113 2003 172 2071 καὶ
199 2009 370 2072 πολιτείαν
403 2002 629 2090 ἐξηγήσασθαι
661 2000 724 2090 τὴν
753 2009 934 2091 κρατίστην
962 2004 1132 2091 φρονιμῶ·

113 2135 223 2190 τατος.
260 2113 397 2199 διέξειμι
422 2109 453 2178 δ’
480 2109 585 2180 αὐτοῦ
603 2107 663 2191 τάς
680 2108 815 2198 πράξεις
832 2108 891 2190 τάς
909 2137 943 2179 τε
962 2119 1134 2192 πολιτικας

114 2217 172 2284 καί
182 2215 282 2304 <τάς>
293 2216 376 2286 κατά
384 2220 562 2304 πολέμους,
573 2208 621 2286 ῶν
630 2217 686 2286 καὶ
701 2216 805 2304 λόγον
820 2215 863 2285 ἀν
873 2243 923 2297 τις
933 2219 970 2286 έν
985 2221 1133 2306 ἱστορίας

114 2321 284 2410 ἀφηγήσει
304 2321 489 2412 ποιήσαιτο.
517 2327 582 2412 ἐρῶ
605 2324 643 2392 δὲ
664 2327 798 2411 πρῶτον
819 2320 903 2412 ὑπὲρ
922 2327 983 2392 τοῦ
1001 2323 1131 2412 κόσμου
1150 2324 1171 2388 2

114 2434 175 2517 τῆς
192 2437 370 2517 πολιτείας,
389 2428 430 2500 ὃν
449 2428 514 2518 ἐγῶ
531 2431 668 2499 πάντων
692 2428 838 2518 ἡγοῦμαι
857 2433 1037 2498 πολιτικῶν
1056 2430 1131 2499 κόσ-
1146 2456 1174 2497 οο

26 2604 35 2618 ,
64 2553 194 2625 κόσμων
209 2535 475 2625 αὐταρκέστατον
490 2540 527 2607 ἐν
542 2537 660 2626 εἰρήνη
674 2563 709 2604 τε
722 2538 778 2604 καὶ
792 2533 876 2604 κατά
889 2537 1064 2623 πολέμους.
1087 2531 1132 2626 ἦν

117 2645 153 2712 δέ
176 2646 319 2724 τοιόςδε·
348 2647 443 2733 τριχῇ
467 2649 582 2732 νείμας
604 2639 666 2731 τὴν
690 2640 827 2730 πληθὺν
850 2640 984 2712 ἀπασαν
1009 2645 1130 2734 ἑκάστη

113 2755 183 2820 τῶν
211 2754 341 2838 μοιρῶν
372 2749 434 2820 τὸν
466 2752 731 2836 ἐπιφανέστατον
763 2753 941 2837 ἐπέστησεν
974 2747 1131 2838 ἡγεμόνα.

114 2863 227 2926 ἒπειτα
259 2861 327 2927 τῶν
357 2862 462 2946 τριῶν
479 2856 595 2926 Ιπάλιν
633 2861 763 2944 μοιρῶν
799 2856 941 2945 ἑκάστην
972 2863 1020 2940 είς
1052 2861 1132 2928 δέκα

114 2969 235 3052 μοίρας
263 2964 400 3052 διελῶν,
428 2973 522 3045 ίσους
549 2961 717 3053 ἡγεμόνας
743 2965 799 3032 καὶ
826 2963 955 3034 τούτων
979 2963 1130 3047 ἀπέδειξε
1144 2987 1171 3028 εε

187 3161 367 3232 2συμφοραλ
392 3161 458 3231 post
484 3156 566 3216 άλλαι
589 3180 618 3216 τε
638 3161 664 3215 A
690 3217 693 3224 ,
736 3166 752 3214 3
776 3159 953 3230 περιπέτειαι
978 3175 1031 3214 om.
1053 3160 1131 3218 ABa

112 3236 130 3285 4
150 3225 182 3287 ἓν
203 3249 256 3287 om.
271 3233 294 3286 B
310 3234 315 3301 Ι
332 3227 476 3302 ἐμφύλους
489 3233 515 3287 Α
569 3237 586 3287 ὅ
605 3225 817 3302 ε’μφανέσταται
836 3229 867 3286 δέ
883 3231 932 3285 καί
951 3231 1081 3319 μέχιοται
1096 3233 1129 3303 Ο,

113 3319 184 3358 corr.
199 3302 303 3358 Reiske
328 3308 332 3374 Ι
357 3303 405 3358 καί
424 3306 489 3358 ουλε
512 3299 586 3358 κατὰ
605 3303 660 3358 del.
675 3303 831 3359 Ambrosch
905 3309 921 3357 6
939 3321 1059 3370 κρασσος
1077 3305 1130 3360 ΑΒ

114 3379 147 3428 12
167 3368 239 3428 πολὺ
258 3391 313 3429 om.
333 3375 356 3428 Β
376 3375 380 3446 Ι
402 3371 484 3444 ἔργον
502 3367 539 3429 ἀν
557 3375 580 3428 Β
603 3368 640 3428 ἀν
660 3372 742 3444 ἔργον
760 3376 786 3428 R
859 3379 892 3428 15
912 3368 1089 3444 ὡμολόγηται
1107 3377 1129 3430 Β

113 3441 335 3514 δμολογείταιΙλ
426 3452 458 3501 17
482 3441 572 3501 αὐτοῦ
596 3441 758 3516 πράξειςΒ
850 3449 882 3498 18
906 3440 957 3509 κάς
980 3447 1044 3501 add.
1070 3448 1130 3516 Syl-

112 3516 186 3586 burg
206 3519 209 3585 Ι
230 3511 364 3585 λόγωνΑ

908 3571 915 3586 ο
944 3570 951 3587 ν

1105 3589 1107 3600 ί

905 3601 1064 3660 ³11³⁴‘⁴3'²

906 3667 914 3677 ι
973 3645 981 3659 δ
1006 3645 1049 3678 5⁴»)
1088 3653 1143 3678 Ana

915 3667 951 3709 ⁴4⁴
978 3677 1033 3709 ’.ιί
1088 3685 1120 3709 ε’
