2660 3986
562 241 593 253 -
632 215 726 266 Γ-
1083 211 1148 278 399

135 375 231 451 σίους
262 373 438 458 εἰληφέναι
470 374 578 458 λέγων
616 369 759 452 οἰωνοὺς
790 372 846 440 καὶ
879 372 1030 459 δυνατήν
1062 369 1149 440 είναι

134 475 196 564 τὴν
219 481 341 566 πρᾶξιν
363 476 575 566 ἀποφαίνων.
620 478 764 564 γελάσας
787 476 819 546 δ’
844 475 862 547 ὁ
886 477 1073 566 Ταρκύνιος
1096 481 1149 547 ἐπὶ

134 589 181 677 τῷ
208 583 298 676 λόγῳ
326 586 382 654 καλ
409 589 613 672 προενέγκας
641 587 676 653 ἐκ
707 589 769 654 τοῦ
800 585 929 655 κόλπου
961 585 1064 674 ξυρὸν
1092 587 1149 656 καὶ

134 688 263 778 ἀκόνην
287 693 375 778 λέγει
393 689 477 778 πρὸς
496 689 612 778 αὐτόν,
629 689 809 778 Ἐἀλωικις,
834 683 860 760 ῶ
879 694 994 779 Νέβιε,
1013 697 1149 780 φενακί-

136 804 200 879 ζων
228 795 315 884 ήμᾶς
346 798 401 866 καί
433 798 727 886 καταψευδόμενος
753 803 814 868 τοῦ
843 803 1024 887 δαιμονίου
1052 825 1176 868 κατα-ε

135 908 269 991 φανῶς,
293 902 392 974 ὁπότε
413 905 469 972 καὶ
491 903 549 984 τὰς
571 902 763 986 ἀδυνάτους
789 905 925 992 πράξεις
946 905 1150 993 τετόλμηκας

134 1013 246 1098 λέγειν
278 1011 432 1091 δυνατάς.
492 1009 589 1098 ἔγωγ’
627 1003 691 1080 οὖν
724 1012 1009 1101 διεμαντευόμην,
1041 1016 1073 1080 εί
1102 1016 1148 1104 τῷ

135 1119 223 1208 ξυρῷ
246 1120 332 1208 τῶδε
354 1115 416 1204 τὴν
439 1114 569 1204 ἀκόνην
591 1117 716 1205 πλήξας
739 1120 845 1205 μέσην
868 1119 1059 1206 δυνήσομαι
1083 1122 1149 1187 διε-

134 1231 215 1292 λείν.
255 1227 399 1310 γέλωτος
423 1221 510 1306 δ’ἐξ
533 1221 693 1292 ἀπάντιτν
716 1227 903 1312 γενομένου
920 1251 989 1293 τιιν
1011 1227 1087 1312 περὶ
1110 1223 1148 1295 τὸ
1167 1227 1189 1290 4

133 1334 224 1417 βῆμα
253 1328 359 1398 οὐθέν
388 1332 622 1418 ἐπιταραχθεὶς
653 1329 671 1400 ὁ
701 1332 828 1418 Νέβιος
853 1329 920 1400 ὑπὸ
949 1337 1011 1401 τοῦ
1037 1342 1148 1401 τωθα·
1163 1359 1189 1398 ιο

135 1440 223 1523 σμοῦ
245 1461 280 1504 τε
302 1437 358 1504 καὶ
380 1440 442 1505 τοῦ
465 1436 637 1524 θορύβου,
662 1445 747 1505 Παίε
770 1442 928 1526 θαρρῶν,
957 1443 1037 1526 ἔφη,
1065 1446 1149 1527 Ταρ·

135 1541 242 1627 κύνιε,
264 1539 327 1628 τήν
350 1540 490 1629 ἀκόνην,
514 1540 559 1623 ῶς
580 1547 740 1632 προαιρῇ·
765 1543 1017 1632 διαιρεθήσεται
1039 1543 1104 1633 γάρ
1127 1542 1148 1632 ή

135 1647 274 1735 πάσχειν
304 1645 420 1718 ὁτιοῦν
448 1651 579 1737 ἕτοιμος
607 1649 679 1736 έγῶ.
733 1650 914 1737 θαυμάσας
942 1649 980 1718 δὲ
1010 1649 1028 1720 ὁ
1056 1656 1149 1737 βασι-

135 1755 212 1836 λεὺς
240 1754 277 1824 τὸ
305 1754 436 1844 θράσος
466 1759 528 1824 τοῦ
555 1755 705 1843 μάντεως
737 1759 832 1844 φέρει
860 1755 899 1825 τὸ
932 1755 1036 1846 ξυρὸν
1066 1756 1149 1825 κατὰ

86 1867 201 1949 σκυτῆς
223 1861 363 1950 ἀκόνης,
386 1861 406 1950 ή
431 1862 469 1931 δὲ
491 1861 578 1952 ἀκμὴ
601 1867 663 1932 τοῦ
687 1862 831 1951 σιδήρου
859 1861 905 1930 δι’
931 1861 1015 1931 ὅλου
1036 1871 1148 1932 κατελ-
1164 1886 1190 1928 15

135 1973 248 2038 θοῦσα
270 1973 331 2038 τοῦ
353 1975 457 2038 λίθου
483 1969 547 2056 τήν
574 1996 609 2038 τε
627 1968 755 2056 ἀκόνην
782 1973 908 2058 διαιρεῖ
923 1970 979 2038 καὶ
997 1974 1056 2056 τής
1073 1995 1149 2038 κατ-

136 2074 276 2164 εχοόσης
310 2073 416 2163 αὐτήν
452 2064 562 2165 χειρός
594 2078 760 2164 ἐπιτέμνει
794 2104 826 2146 τι
858 2079 966 2164 μέρος.
1025 2080 1060 2146 οί
1088 2072 1189 2163 μὲνῧ

137 2174 201 2250 οὖν
228 2181 325 2252 ἀλλοι
352 2184 474 2263 πάντες
501 2181 546 2264 ῶς
572 2181 609 2252 τὸ
638 2181 837 2271 θαυμαστόν
866 2187 965 2253 τοῦτο
991 2185 1047 2252 καί
1075 2181 1149 2250 ἀπι-

136 2309 217 2358 στον
246 2295 346 2377 ἔργον
375 2289 576 2376 έθεάσαντο,
603 2291 867 2376 καταπλαγέντες
894 2287 1102 2376 ἀνεβόησαν,
1131 2286 1149 2356 ὁ

137 2396 175 2464 δὲ
201 2396 388 2484 Ταρκύνιος
415 2397 586 2476 αίδεσθείς
613 2397 665 2464 έπλ
696 2400 736 2485 τῇ
766 2400 921 2486 διαπείρᾳ
947 2400 1006 2483 τῆς
1033 2397 1190 2482 τέχνηςεο

135 2504 192 2571 καὶ
214 2502 252 2572 τὸ
271 2502 414 2593 ἀπρεπές
431 2508 499 2572 τῶν
519 2500 723 2590 ὀνειδισμῶν
742 2500 1052 2591 ἐπανορθῶσασθαι
1070 2507 1150 2588 βον-

136 2608 279 2696 λόμενος
300 2613 434 2693 πρῶτον
462 2609 524 2698 μὲν
552 2613 619 2678 τῶν
646 2610 723 2697 περὶ
744 2606 803 2688 τὰς
825 2605 935 2695 φυλὰς
958 2607 1150 2695 έγχειρημά-

136 2741 205 2782 των
233 2713 372 2803 ἀπέστη,
401 2722 511 2786 ἔπειτα
540 2715 571 2785 δ’
599 2714 704 2784 αὐτὸν
732 2713 792 2784 τὸν
820 2717 950 2801 Νέβιον
981 2713 1149 2804 ἀποθερα-

136 2823 257 2889 πεῦσαι
290 2823 465 2909 διαγνούς,
499 2820 544 2903 ῶς
573 2820 732 2891 ἀπόντων
767 2819 963 2910 ἀνθρώπων
994 2823 1150 2908 θεοφιλέ·

138 2946 275 3013 στατον,
298 2927 415 3009 ἀλλαις
436 2955 472 2998 τε
494 2937 633 3009 πολλαῖς
660 2931 934 3016 φιλανθρωπίαις
960 2925 1149 3014 ὑπηγάγετο
1163 2957 1189 2998 ει

136 3033 192 3100 καὶ
215 3036 273 3101 ἵνα
296 3033 427 3121 μνήμης
451 3040 593 3103 αίωνίου
619 3033 767 3123 τνγχάνη
795 3032 886 3121 παρά
911 3037 981 3102 τῶν
1005 3035 1150 3120 ἐπιγινο-

137 3141 249 3226 μένων
273 3139 389 3208 είκόνα
410 3139 658 3221 κατασκευάσας
686 3139 790 3211 αὐτοῦ
812 3143 941 3228 ’χαλκῆν
965 3139 1149 3227 ἀνέστησεν

209 3343 225 3391 2
244 3330 416 3405 ἀποφαίνων
434 3337 457 3391 Β
475 3331 646 3406 ἀναφαίνων
664 3338 690 3391 R
769 3343 784 3392 7
802 3332 974 3408 διενοούμην
993 3353 1016 3391 0.
1038 3337 1150 3406 Sauppe

138 3409 172 3463 de
191 3407 269 3463 Flori
286 3407 352 3464 crisi
370 3425 397 3477 p.
419 3415 451 3462 12
525 3413 559 3461 14
577 3403 628 3462 τὸν
646 3405 733 3477 ξυρόν
752 3426 775 3464 ο.
795 3408 918 3479 Sylburg
990 3414 1024 3462 23
1044 3402 1074 3462 δ’
1095 3407 1149 3464 del.

137 3478 280 3550 Kiessling
352 3486 385 3534 27
406 3480 550 3549 διέστησεν
570 3475 616 3534 §aa
635 3480 684 3549 τῆς
702 3477 809 3550 ἀγορᾶς
828 3479 850 3535 O
869 3481 981 3549 praeter
998 3480 1022 3533 B
