2682 3982
167 155 234 218 244
591 156 755 208 -Β-

167 314 230 384 δύο
262 319 367 385 ταῦτα
398 313 730 404 πραγματευόμενος,
763 309 813 395 οἷς
841 325 1071 404 κοσμηθεῖσαν
1104 313 1185 385 ὑπε-

167 422 338 510 λάμβανεν
369 417 439 508 [ἀν]
467 421 530 510 την
558 422 658 491 πόλιν
687 419 873 508 εὐδαίμονα
899 431 1103 510 γενησεσθαι
1125 423 1184 490 καί

167 528 328 616 μεγάλην·
361 527 536 615 εὐσέβειαν
564 527 625 615 μὲν
648 531 798 616 πρῶτον,
828 527 1000 598 διδάσκων
1022 527 1101 609 τοὺς
1123 526 1184 598 ἀν-

166 635 330 725 θρώπους
362 634 414 705 ὅτι
445 633 571 715 παντὸς
602 633 736 720 ἀγαθοῦ
767 639 845 704 θεοί
878 637 1017 724 δοτῆρές
1048 640 1113 703 είσι
1142 639 1183 724 τῇ

127 773 141 815 ε
167 746 278 832 θνητῇ
311 743 413 830 φάσει
443 743 500 810 καὶ
532 741 692 828 φύλακες,
725 747 836 810 ἔπειτα
867 741 1103 828 δικαιοσύνην,
1134 740 1181 810 δι’

166 846 211 936 ἣν
238 849 294 916 καὶ
321 847 361 917 τὰ
389 847 479 936 παρὰ
505 853 575 918 τῶν
602 853 695 918 θεῶν
723 847 912 937 ἀπέφαινεν
934 847 1048 935 ἀγαθὰ
1075 847 1240 928 καλάς369

166 954 225 1036 τάς
247 953 451 1036 ἀπολαύσεις
473 957 621 1044 φέροντα
643 969 714 1036 τοίς
735 957 965 1043 κτησαμένοις.

256 1063 373 1130 LXHL
402 1060 456 1144 Ἐξ
479 1053 528 1131 ὧν
557 1062 596 1131 δέ
619 1061 817 1151 διεπράξατο
845 1061 961 1149 νόμων
988 1089 1024 1131 τε
1046 1063 1102 1130 καὶ
1123 1085 1183 1130 πο-

167 1168 374 1256 λιτευμάτων
407 1167 563 1258 ἑκάτερον
598 1167 728 1238 τούτων
766 1173 813 1248 είς
849 1169 998 1256 μεγάλην
1030 1170 1183 1237 ἐπίδοσιν

130 1307 156 1346 10
169 1283 352 1364 προελθεῖν
380 1271 511 1343 ἅπαντα
538 1273 600 1361 μὲν
630 1273 691 1343 οάκ
718 1273 800 1357 ἀξιῶ
827 1275 988 1364 γράφειν,
1018 1273 1055 1344 τὸ
1079 1279 1184 1362 μῆκος

168 1378 390 1468 ὑφορώμενος
411 1385 473 1450 τοῦ
495 1381 601 1468 λόγου
618 1383 674 1449 καὶ
693 1380 762 1470 ἅμα
786 1379 859 1450 οὐδ’
880 1380 1067 1469 ἀναγκαίαν
1092 1380 1183 1470 δράυ
1281 1384 1292 1410 '

168 1485 230 1574 τὴν
254 1484 457 1576 ἀναγραφὴν
479 1485 591 1558 αὐτῶν
608 1486 819 1576 Ἑλληνικαῖς
840 1491 1017 1578 ἱστορίαις,
1038 1485 1121 1556 αὐτὰ
1145 1486 1185 1556 δέ

168 1592 209 1662 τά
231 1593 421 1681 κυριώτατα
447 1595 503 1662 καί
533 1593 686 1684 φανεράν
716 1594 890 1682 δυνάμενα
911 1599 1050 1684 ποιῆσαι
1072 1599 1185 1664 πάσαν

168 1727 231 1787 την
242 1701 456 1832 προαίρεσιν
485 1707 546 1770 τοῦ
570 1700 697 1790 ἀνδρὸς
724 1703 777 1770 ἐπὶ
801 1708 994 1789 κεφαλαίων
1018 1701 1154 1791 ἐρῶ,
1120 1729 1183 1788 την

129 1835 155 1876 15
170 1805 277 1896 ἀρχην
307 1805 371 1876 ἀπὸ
399 1835 459 1896 της
486 1811 562 1939 περὶ
588 1806 629 1877 τά
661 1817 740 1876 θεία
769 1808 1020 1897 διακοσμησεως
1044 1807 1191 1895 ποιησάε

129 1919 278 2002 2μενος.
325 1913 388 1984 ὅσα
411 1908 538 2003 μέν
498 1943 561 1984 ουν
585 1913 652 1984 ὑπὸ
672 1913 845 2044 Ρωμύλορ
863 1919 1030 2002 ταχθέντα
1053 1917 1090 1984 ἐν
1114 1918 1185 1984 έθι

170 2036 267 2109 σμοίς
293 2048 329 2091 τε
356 2025 412 2091 καὶ
440 2023 560 2110 νόμοις
588 2025 791 2112 παρέλαβεν,
824 2019 888 2090 ἀπὸ
916 2026 978 2090 τοῦ
1006 2027 1186 2111 κρατίστου

169 2129 329 2216 τετάχθαι
357 2128 466 2197 πάντα
495 2125 706 2214 ἡγησάμενος
733 2135 785 2194 εία
812 2125 894 2196 κατά
922 2127 1036 2217 χώραν
1060 2130 1186 2216 μένειν,

171 2233 235 2304 ὅσα
272 2233 302 2302 δ’
333 2232 391 2302 ὑπ’
432 2237 564 2302 ἐκείνου
585 2241 872 2324 ,παραλελεῖφθαι
914 2233 1041 2320 ἐδόκει,
1082 2237 1186 2302 ταῦτα

132 2373 158 2412 ει
172 2347 366 2430 προσετίθει
392 2339 499 2408 πολλὰ
528 2339 589 2428 μέν
619 2339 820 2422 ἀποδεικνὺς
846 2344 966 2428 τεμένη
995 2353 1066 2420 τοῖς
1088 2339 1186 2428 μήπω

170 2452 277 2536 τιμῶν
313 2446 520 2534 τυγχάνουσι
557 2457 667 2534 θεοῖς,
704 2448 849 2528 πολλοὺς
887 2447 925 2516 δὲ
960 2445 1095 2536 βωμοὺς
1130 2448 1187 2515 καὶ

171 2552 276 2633 ναοὺς
299 2553 502 2641 ἱδρυόμενος
525 2555 642 2642 ἑορτάς
663 2581 698 2623 τε
723 2555 848 2647 ἑκάστῳ
872 2552 985 2624 αὐτῶν
1007 2552 1187 2641 ἀπονέμων

172 2661 228 2728 καί
264 2658 343 2738 τοὺς
385 2661 690 2748 ἐπιμελησομένους
731 2660 842 2730 αὐτῶν
884 2665 984 2749 ίερεῖς
1025 2659 1188 2740 καθιστάς

172 2765 309 2853 ἁγνείας
330 2793 366 2834 τε
389 2767 445 2834 καὶ
468 2773 651 2854 θρησκείας
672 2769 728 2836 καί
751 2766 949 2857 καθαρμοὺς
970 2769 1026 2836 καὶ
1049 2766 1107 2848 τὰς
1130 2765 1187 2836 άλ-

133 2904 160 2946 25
173 2883 233 2977 λας
263 2879 445 2962 θεραπείας
481 2874 537 2941 καὶ
568 2873 665 2962 τιμάς
695 2875 786 2944 πάνυ
817 2874 942 2954 πολλάς
977 2879 1188 2962 νομοθετῶν,

174 2980 255 3061 ὅσας
278 2979 357 3049 ουθ’
376 2979 594 3068 ‘Eumae'
554 3006 631 3049 ουτε
654 2980 866 3070 βάρβαροςέ
863 3007 914 3069 χει
935 2982 1033 3111 πόλις
1052 2978 1127 3050 οὐδ’
1152 2985 1190 3049 αί
1317 3007 1318 3108 ρ

134 3091 373 3176 3μέγιστονέ
373 3085 408 3156 π’
434 3085 586 3178 ευσεβείηι
605 3091 797 3176 φρονοῦσαί
816 3109 908 3157 ποτε·
936 3085 1042 3156 αὐτόν
1064 3115 1099 3156 τε
1122 3086 1242 3156 cavam
1317 3113 1318 3156 ι

170 3194 342 3284 Ρωμύλον
371 3221 416 3274 ως
442 3200 616 3282 κρείττονα
644 3193 830 3281 γενόμενον
859 3190 880 3281 ἢ
907 3193 990 3263 κατὰ
1018 3221 1080 3282 την
1103 3203 1187 3282 θνη-

246 3349 709 3442 2666613Bucheler,Meineke
789 3349 858 3408 6τά
883 3357 981 3410 om.A
1053 3350 1187 3411 96uoev6·

176 3447 232 3496 ρων
246 3427 271 3480 Α
328 3431 359 3479 12
379 3420 552 3496 ἀναγραφην
566 3425 707 3496 Kiessling
724 3421 840 3497 γραφὴν
854 3426 877 3481 Ο
932 3431 967 3482 24
981 3428 1148 3496 θρηισκείας
1162 3428 1187 3482 Α
