2660 3986
190 231 257 298 322
615 265 649 274 -
687 237 783 287 Γ·-

187 395 292 462 ταῦτα
320 393 478 482 κράτιστα
505 397 609 462 πᾶσιν
640 389 723 480 ὑμῖν
756 397 893 462 ἔσεσθαι
921 396 1028 479 δοκεῖ,
1055 391 1209 481 πράττω-

188 525 251 588 μεν
280 499 364 570 αύτά
392 499 496 581 θεοὺς
523 500 579 569 καὶ
607 503 771 588 δαίμονας
794 497 948 587 ἀρωγοὺς
970 498 1208 586 ἐπικαλεσάμε-

188 633 255 694 νοι,
279 611 311 676 εί
333 608 373 676 δέ
392 633 443 688 τις
465 603 562 694 ὑμῶν
580 604 741 676 τάναντία
764 609 888 693 έγνωκε
910 607 966 675 καὶ
990 607 1086 674 δυεῖν
1103 604 1208 674 θάτε-

188 739 251 802 ρον
270 708 291 801 ἢ
315 715 480 802 μηδέποτε
502 710 747 782 ἀνασώσασθαι
769 708 807 780 τὸ
831 709 972 800 ἀρχαῖον
995 709 1124 800 ἀξίωμα
1145 716 1207 799 τῆς

158 819 315 902 επόλεως
337 829 442 890 οίεται
465 819 550 905 δεῖν,
573 815 594 904 ἢ
613 817 733 902 καιρὸν
752 817 867 905 ἕτερόν
885 845 962 888 τινα
984 823 1058 903 [τοῦ
1075 819 1207 909 παρόν-

184 931 255 1012 τος]
284 925 550 1014 ἐπιτηδειότερον
573 926 763 1014 περιμένων
786 921 1008 1010 ἀναβάλλεται
1035 923 1096 995 τὸν
1118 950 1205 1014 παρ-

185 1032 278 1120 όντα,
301 1032 347 1120 μὴ
369 1036 569 1102 κατοκνείτω
588 1032 706 1119 φέρειν
730 1034 777 1110 είς
795 1031 900 1117 μέσον
923 1025 944 1098 ἀ
967 1044 1103 1117 φρονελ·
1126 1030 1147 1100 ὅ
1169 1059 1205 1100 τι

183 1139 248 1230 γάρ
272 1135 315 1208 ἀν
338 1135 464 1208 άπασιν
486 1135 567 1226 ὑμῖν
590 1137 769 1225 κράτιστον
789 1139 881 1224 φανῇ
902 1135 1074 1226 βούλευμα
1091 1137 1204 1230 τούτῳ

182 1245 387 1334 χρησόμεθα.

144 1377 171 1418 ιο
272 1353 412 1421 ΧΧΙΠΙ.
438 1349 707 1420 Ἐπαινεσάντων
732 1346 769 1419 δέ
786 1349 848 1438 τὴν
867 1349 1007 1438 γυύμην
1024 1353 1093 1419 τῶν
1116 1375 1202 1439 παρ-

33 1463 37 1468 ’
182 1457 293 1528 όντων
319 1459 376 1528 καὶ
402 1457 511 1528 πάντα
537 1455 780 1546 ὑποσχομένων
806 1456 961 1558 ποιήσων
989 1455 1103 1546 ὅρκοις
1125 1458 1202 1526 έκα-

181 1583 262 1634 στον
285 1562 398 1633 αὐτόν
420 1561 618 1650 καταλαβὼν
642 1565 775 1632 διέλυσε
792 1561 854 1632 τόν
877 1562 1054 1650 σύλλογον.
1092 1567 1132 1652 τῇ
1157 1561 1191 1631 δ’
1199 1581 1259 1633 482

181 1671 255 1758 ἑξῆς
281 1667 389 1762 ἡμέρᾳ
415 1669 585 1760 προῄεσαν
613 1669 675 1759 μέν
703 1672 739 1738 ἐκ
766 1673 827 1740 τοῦ
854 1667 1000 1757 χάρακος
1026 1671 1064 1738 αί
1092 1673 1199 1757 Φιδη-

179 1782 287 1846 ναίων
310 1777 424 1846 τεκαὶ
447 1776 631 1865 συμμάχων
660 1775 822 1863 δυνάμεις
848 1773 917 1864 ἅμα
944 1779 990 1870 τῷ
1013 1774 1075 1846 τὸν
1097 1774 1199 1864 ἥλιον

140 1907 166 1947 15
181 1882 341 1973 ἀνασχεῖν
363 1884 419 1953 καὶ
441 1881 690 1972 παρετάσσοντο
720 1881 764 1962 ὡς
792 1887 841 1964 είς
863 1881 983 1970 μάχην,
1007 1880 1200 1972 ἀντεπεξῄε-

137 1988 243 2059 2σαν
268 1990 305 2060 δὲ
329 1993 364 2060 οί
381 1988 538 2079 Ῥωμαίοι
560 1991 616 2059 καὶ
633 1994 840 2059 καθίσταντο
864 1994 912 2069 είς
928 1988 1033 2070 τάξιν.
1073 1987 1111 2056 τό
1132 1987 1198 2076 μέν

178 2089 242 2168 οὖν
265 2095 443 2186 ἀριστερὸν
465 2098 564 2187 κέρας
586 2094 687 2177 αύτὸς
711 2093 729 2164 ὁ
757 2095 884 2176 Τύλλος
906 2095 962 2164 καὶ
986 2098 1021 2164 oc
1036 2092 1195 2183 Ῥωμαῖοι

175 2217 330 2291 κατεῖχον
358 2206 506 2274 ἐναντίοι
535 2193 893 2291 ούιεντανοῐς’(οὗτοι
919 2200 983 2291 γάρ
1012 2201 1050 2271 τὸ
1080 2200 1196 2284 δεξιόν

175 2314 243 2378 τῶν
266 2313 436 2397 πολεμίων
459 2321 613 2396 κατεῖχον
630 2309 754 2395 κέρας),
778 2310 830 2376 ἐπὶ
854 2308 892 2378 δέ
912 2313 974 2378 τοῦ
994 2311 1106 2391 δεξιοῦ
1123 2313 1196 2378 τῶν

134 2413 344 2503 κοῬωμαίων
376 2413 514 2500 κέρατος
546 2411 564 2482 ὁ
597 2415 742 2494 Μέττιος
773 2415 830 2482 καὶ
862 2417 898 2482 οί
921 2413 1077 2503 Ἀλβανοὶ
1108 2415 1193 2484 κατὰ

178 2526 386 2609 Φιδηναίους
416 2519 507 2608 παρὰ
538 2517 601 2606 τὴν
633 2519 763 2607 λαγόνα
795 2524 857 2590 τοῦ
890 2519 992 2610 ὄρους
1023 2521 1192 2604 ἐτάξαντο.

133 2627 244 2698 3έπεὶ
272 2627 310 2696 δέ
337 2627 502 2715 σύνεγγυς
530 2624 686 2715 ἀλλήλων
713 2629 884 2713 ἐγίνοντο,
911 2627 992 2714 πρὶν
1020 2627 1114 2708 ἐντός
1136 2631 1193 2716 βέ-

173 2743 255 2815 λους
277 2736 437 2822 γενέσθαι
462 2737 496 2802 οί
514 2729 671 2822 Ἀλβανολ
694 2735 890 2822 σχισθέντες
911 2731 976 2802 ἀπὸ
999 2738 1060 2802 τοῦ
1083 2733 1193 2804 ἀλλον

173 2844 316 2929 στρατοῦ
351 2843 639 2929 συντεταγμένους
674 2833 761 2928 ἦγον
793 2840 873 2920 τοὺς
904 2839 1026 2928 λόχους
1061 2842 1114 2909 ἐπὶ
1150 2839 1191 2910 τὸ

131 2971 158 3012 νε
173 2947 260 3037 όρος.
310 2950 344 3015 οί
378 2946 440 3034 μὲν
479 2939 542 3016 οὖν
576 2951 757 3034 Φιδηναῖοι
794 2947 962 3036 μαθόντες
997 2951 1095 3016 τοῦτο
1131 2950 1191 3016 καὶ

170 3053 406 3134 πιστεύσαντες
437 3052 620 3142 ἀληθεύειν
653 3060 749 3142 σφίσι
781 3051 840 3134 τάς
873 3054 949 3143 περὶ
975 3058 1034 3142 τῆς
1062 3058 1187 3143 προδο-

242 3292 258 3342 5
276 3287 327 3342 τοῦ
346 3281 488 3357 παρόντος
507 3285 560 3342 del.
575 3284 697 3340 Reudler
712 3285 801 3340 Tiroc.
815 3303 844 3411 μ
855 3289 890 3340 30
955 3291 971 3339 6
990 3283 1149 3355 περιμένων
1163 3285 1188 3339 Β

168 3351 321 3428 ἀναμένων
339 3360 365 3414 R
437 3364 469 3412 13
491 3352 564 3412 έκΒ
588 3351 678 3411 έπὶΒ
756 3361 787 3410 18
830 3357 940 3411 ναντίοι
963 3355 986 3410 Β
1010 3350 1142 3411 έναντίον
1160 3358 1187 3412 R

168 3425 378 3556 ἰόεύμεοιιῗόὲτες
405 3428 487 3483 τοῦτο
510 3427 533 3482 Β
558 3428 641 3482 τοῦτο
670 3427 742 3497 μάδ
828 3433 862 3482 26
886 3421 1044 3496 ἀληθεύειν
1066 3429 1089 3482 Β
1116 3423 1187 3497 ἀλη-
1308 3452 1312 3463 ·
