2670 3984
191 235 254 301 τεο
612 265 646 276 -
682 236 775 290 1³·-

188 399 233 488 τῷ
263 393 294 464 δ’
325 396 425 486 ἑτέρη)
444 392 584 482 Ῥῶμος·
615 393 656 464 τὰ
684 393 856 484 μητρόθεν
883 395 945 483 μὲν
977 393 1035 464 ἀπ’
1061 400 1207 466 Αἰνείου

188 529 224 572 τε
242 503 297 570 καὶ
312 505 539 588 Δαρδανίδαι,
553 500 676 592 πατρὸς
694 501 733 570 δὲ
750 500 925 591 ἀκρίβειαν
940 501 1002 590 μὲν
1021 501 1062 571 ού
1081 503 1206 593 ῥηίδιον

189 614 296 678 εἰπείν
319 610 352 690 ἐξ
377 606 458 677 ὅπου
478 608 613 696 φύντες,
631 614 863 678 πεπίστευνται
888 608 926 677 δὲ
944 606 1010 693 ὑπὸ
1028 608 1206 698 Ῥωμαίων
1317 593 1318 610 ¹

153 715 299 802 4”Αρεος
321 715 391 784 υίοί
414 717 583 802 γενέσθαι.
630 712 672 784 ού
693 715 809 802 μέντοι
832 715 1005 802 διέμεινάν
1033 742 1071 802 γε
1093 713 1207 802 ἀμφό·
1318 781 1319 784 ,

149 849 163 891 ι
189 849 280 905 τεροι
302 827 361 910 τῆς
383 820 538 902 ἀποικίας
560 819 722 908 ἡγεμόνες
747 818 833 908 ύπδρ
860 826 920 909 τῆς
945 820 1047 910 ἀρχῆς
1070 822 1207 890 στασιιί-

190 949 318 1016 σαντες,
347 927 420 997 ἀλλ’
452 926 470 996 ὁ
499 928 728 1017 περιλειφθεὶς
755 927 868 997 αὐτῶν
886 925 1056 1016 Ῥωμύλος
1077 926 1206 998 ,ἀπολο-

190 1037 296 1123 μένου
317 1037 466 1124 θατέρου
488 1033 572 1102 κατά
594 1033 657 1122 τὴν
680 1034 790 1123 μάχην
821 1033 969 1123 οἰκιστής
995 1040 1123 1121 γίνεται
1145 1040 1207 1123 τῆς

189 1141 317 1223 πόλεως
339 1143 395 1209 καὶ
417 1141 567 1230 τούνομα
591 1140 675 1231 αὐτῇ
704 1146 763 1229 τῆς
792 1146 880 1222 ἰδίας
907 1141 1054 1230 κλήσεως
1076 1142 1206 1212 έποόνν-

190 1275 255 1336 μον
278 1255 415 1318 τίθεται.
457 1246 605 1336 ἀριθμὸς
628 1249 667 1317 δὲ
688 1257 756 1317 τεόν
779 1248 1013 1336 μετασχόντων
1036 1246 1127 1340 αύτῷ
1146 1252 1207 1336 τῆς
1321 1337 1322 1340 χ

150 1383 177 1426 ιο
190 1353 345 1435 ἀποικίας
367 1353 433 1424 ἀπὸ
455 1360 585 1424 πολλοῦ
611 1358 673 1424 τού
700 1352 771 1424 κατ’
797 1352 902 1444 ἀρχὰς
927 1357 1207 1437 ἐξαποσταλέντος

190 1460 304 1550 ὀλίγος
326 1455 370 1549 ἦν
394 1461 411 1531 ὁ
436 1467 682 1550 καταλειφθείς,
705 1468 882 1550 τρισχίλιοι
900 1462 991 1545 πεζοὶ
1013 1462 1070 1530 καί
1094 1465 1207 1542 ἰππείς

188 1568 385 1658 τριακόσιοι.
922 1574 926 1582 ’
1322 1553 1323 1574 ἶ

278 1677 336 1743 ΠΙ.
356 1673 446 1744 Ἐπεὶ
469 1667 533 1744 οὖν
555 1672 578 1762 ή
599 1701 635 1743 τε
657 1665 783 1765 τάφρος
801 1675 917 1757 αύτοίς
939 1679 1128 1763 ἐξείργαστο
1147 1675 1205 1743 καί
1323 1741 1324 1750 ,

189 1780 228 1851 τό
252 1787 357 1869 ἔρυμα
383 1782 478 1862 τέλος
506 1777 594 1870 εἶχεν
622 1785 661 1850 αἵ
683 1808 718 1850 τε
748 1782 894 1870 οἰκήσεις
915 1782 975 1864 τάς
997 1781 1206 1869 ἀναγκαίους

150 1915 176 1958 ιο
190 1887 396 1970 κατασκευὰς
418 1885 660 1978 ἀπειλήφεσαν,
683 1887 800 1979 ἀθήτει
824 1886 856 1957 δ’
879 1887 897 1958 ὁ
918 1887 1033 1978 καιρός
1051 1891 1107 1958 καὶ
1125 1889 1263 1977 περ’ἰ239

188 1995 319 2085 κόσμου
341 2001 508 2076 πολιτείας
527 1987 553 2089 ᾧ
577 1995 758 2085 χρήσονται
787 2009 936 2083 σκοπεῖν,
959 1993 1088 2083 ἀγορὰν
1111 2020 1206 2084 ποιη-

190 2103 334 2191 σάμενος
361 2100 476 2170 αύτῶν
506 2097 714 2190 δ”Ρωμύλος
744 2100 961 2190 ὑποθεμένου
992 2107 1054 2172 τοῦ
1085 2129 1206 2192 μητρο-
1325 2135 1326 2138 “

188 2209 336 2296 πάτορος
357 2209 413 2277 καὶ
436 2206 639 2290 διδάξαντος
660 2205 683 2277 δι
704 2207 767 2296 χρὴ
791 2211 913 2296 λέγειν,
936 2208 998 2298 τήν
1020 2210 1082 2297 μὲν
1105 2211 1206 2278 πόλιν

191 2322 255 2404 έφη
278 2329 350 2396 ταῖς
371 2341 407 2384 τε
432 2318 609 2403 δημοσίαις
631 2315 687 2383 καὶ
709 2329 782 2396 ταῖς
805 2320 907 2397 ἰδίαις
924 2329 1142 2397 κατασκευαῖς
1161 2313 1207 2395 ὡς

149 2449 177 2490 ιο
191 2421 384 2491 νεόκτιστον
421 2418 646 2510 ἀποχρώντως
681 2426 923 2510 κεκοσμῆσθαι·
958 2419 1056 2510 ήξίου
1091 2419 1123 2490 δ’
1154 2425 1206 2490 έν-

190 2537 378 2615 θυμείσθαι
400 2527 528 2608 πάντας
552 2525 597 2608 ἀς
621 2525 662 2597 ού
685 2527 778 2598 ταῦτ’
800 2531 868 2597 ἐστι
891 2527 933 2596 τὰ
949 2532 1108 2597 πλείστου
1131 2527 1207 2609 ἀξια

153 2639 175 2702 2
194 2637 231 2702 έν
253 2647 326 2714 ταῖς
347 2634 495 2704 πόλεσιν.
536 2632 613 2703 οὔτε
636 2633 700 2722 γὰρ
723 2639 761 2704 ἐν
783 2649 854 2715 τοῖς
876 2632 1026 2715 ὀθνείοις
1048 2637 1208 2722 πολέμοις

190 2739 250 2821 τάς
272 2745 415 2827 βαθείας
436 2739 587 2829 τάφρονς
608 2741 665 2810 καί
687 2739 770 2828 <τά>
793 2735 906 2828 ύψηλά
937 2739 1083 2828 ἐρύματα
1107 2739 1208 2809 ἰκανά

34 2931 38 2938 Ι
192 2845 278 2917 εἶναι
305 2861 377 2927 τοίς
404 2852 506 2917 ἔνδον
534 2845 735 2938 ἀπράγμονα
763 2853 927 2936 σωτηρίας
953 2845 1126 2934 ὑπόληψιν
1150 2871 1209 2916 πα-

152 2991 178 3034 25
193 2969 345 3043 ρασχείν,
378 2952 454 3024 ἀλλ’
480 2957 518 3024 έν
548 2982 581 3023 τι
613 2957 720 3043 μόνον
751 2957 940 3042 ε’γγνάσθαι
966 2955 1005 3022 τὸ
1032 2954 1145 3042 μηθὲν
1175 2956 1209 3038 έξ

113 3137 116 3142 ,
193 3065 376 3151 ἐπιδρομῆς
415 3060 521 3131 κακὸν
563 3059 621 3131 ὑπ’
656 3063 789 3150 ἐχθρῶν
830 3071 955 3130 παθεῖν
1001 3069 1210 3148 προκαταλη-

192 3169 358 3257 φθέντας,
387 3167 467 3238 οὔθ’
493 3167 576 3238 ὅταν
599 3167 757 3257 ἐμφύλιοι
779 3169 921 3257 ταραχαὶ
947 3165 985 3237 τὸ
1008 3166 1128 3238 κοινὸν
1150 3195 1209 3237 κα-

263 3371 278 3418 2
297 3360 368 3432 πρὸς
386 3359 536 3437 ἀκρίβειαν
550 3381 573 3418 ο.
590 3363 750 3434 Stephanus
803 3367 821 3416 4
839 3382 870 3432 γε
889 3379 944 3419 om.
959 3362 982 3416 B
1037 3369 1053 3418 6
1072 3357 1136 3417 ἀλλ’
1152 3357 1168 3416 ό
1183 3362 1208 3416 Β

191 3429 261 3489 ἀλλά
279 3435 305 3489 R
320 3434 324 3506 Ι
340 3430 520 3506 ἀπολομένου
539 3455 563 3489 ιι.
579 3455 602 3489 τ.
618 3455 644 3504 μ.
663 3432 828 3505 θατέρονΒ
901 3441 917 3490 9
937 3429 1051 3506 αύτῷΒ
1069 3428 1168 3496 αύτοῑς
1182 3435 1209 3489 R

229 3510 261 3559 16
280 3502 472 3574 χρήοονταιΒ
499 3501 651 3576 χρήσαιντο
669 3506 695 3559 R
772 3510 806 3560 23
826 3503 861 3559 τὰ
884 3505 948 3562 add.
971 3504 1084 3576 Reiske,
1107 3521 1162 3559 om.
1183 3504 1207 3560 O
