2660 3986
629 220 796 272 -Γ..

166 383 252 473 3τῷ
276 377 340 466 πρὸ
368 377 491 448 τούτου
518 376 608 468 λόγῳ
638 376 827 464 δεδήλωταί
851 403 917 464 μοι.
964 379 1000 446 ἐκ
1022 373 1153 446 τούτων
1180 377 1222 466 δή

204 491 273 556 τῶν
309 483 524 572 ἐγκλημάτων
557 488 605 563 είς
640 482 789 570 πόλεμον
822 482 1045 564 καταστάντες
1081 483 1223 573 ἐξῄεσαν

205 599 253 674 είς
274 591 449 681 ὕπαιθρον
468 589 654 679 ἀμφότεροι
678 589 842 677 δυνάμεσι
865 597 1015 676 πολλαῖς,
1033 595 1168 677 γίνεταί
1187 618 1223 660 τε

205 698 319 768 αὐτῶν
339 701 375 766 έκ
393 697 605 787 παρατάξεως
622 694 729 782 ἀνεόν·
753 697 911 782 διέμενον
930 694 995 784 γάρ
1011 695 1274 785 ἀγχωμάλωςσοῖ

178 803 450 893 ῡάχωνιζόμενοι
477 805 533 872 καὶ
562 802 770 889 διελύθησαν
797 800 863 871 ὑπὸ
890 807 948 890 τῆς
974 802 1097 884 νινιτδς
1120 803 1223 892 ἀμφί-

205 921 310 998 λογον
333 911 571 990 καταλιπόντες
592 908 630 978 τὸ
653 915 787 997 νίκημα.
831 925 904 991 ταῖς
927 908 959 978 δ’
986 911 1060 998 έξής
1082 909 1224 1001 ἡμέραις

206 1017 376 1107 μαθόντες
412 1015 597 1105 ἀμφότεροι
632 1019 701 1084 τῶν
737 1042 773 1085 τε
810 1013 1034 1087 ἀπολωλότων
1066 1019 1123 1087 καὶ
1152 1023 1223 1126 τῷν

205 1127 420 1213 τραυματιῶν
465 1121 503 1192 τὸ
544 1125 675 1209 πλῆθος
722 1120 832 1191 ούκίτι
877 1139 997 1213 πεῖραν
1038 1125 1223 1212 ἐβούλοντο

207 1231 323 1314 ἑτέρου
346 1234 464 1315 λαβεῖν
487 1225 634 1313 ἀγῶνος,
662 1223 735 1296 ἀλλ’
762 1228 952 1310 ἐκλιπόντες
973 1227 1053 1310 τοὺς
1075 1229 1225 1318 χάρακας

207 1334 371 1424 ἀπῄεσαν·
394 1335 450 1404 καὶ
474 1333 686 1413 διαλιπόντες
707 1332 769 1403 τόν
788 1334 945 1404 ἐνιαυτὸν
969 1338 1100 1406 ἐκεῖνον
1118 1335 1223 1406 πάλιν

207 1441 347 1532 ἐξῄεσαν
388 1439 440 1510 ἐπ’
477 1438 643 1528 ἀλλήλους
688 1446 842 1526 μείζονας
885 1443 1225 1531 παρασκευασάμενοι
1311 1443 1312 1486 ³

208 1549 385 1636 δυνάμεις,
413 1553 545 1634 γίνεταί
569 1573 603 1616 τε
626 1544 739 1616 αύτοῖν
768 1548 844 1634 περὶ
866 1547 966 1617 πόλιν
987 1546 1132 1638 Ἠρητὸν
1147 1533 1224 1620 ’ἀπὸ

208 1659 356 1725 σταδίων
380 1653 539 1742 ἑξήκοντα
557 1654 612 1721 καὶ
636 1651 754 1722 ἑκατὸν
775 1657 835 1740 τής
852 1651 980 1741 Ῥώμης
1002 1652 1111 1742 ἀγεόν,
1136 1658 1174 1724 έν
1197 1648 1225 1749 ᾧ

206 1761 352 1842 πολλούς
382 1761 444 1848 μὲν
474 1759 675 1848 ἀμφοτέρων
710 1762 836 1848 συνέβη
872 1775 998 1830 πεσεῖν·
1036 1762 1227 1851 ἰσορρόπου

168 1894 194 1934 15
209 1869 247 1937 δέ
268 1867 424 1954 κάκείνης
446 1871 504 1954 τής
522 1866 628 1954 μάχης
649 1867 704 1935 ’ἐπὶ
723 1864 831 1934 πολύν
852 1867 978 1954 χρόύον
999 1867 1227 1956 διαμενούσης

208 1974 386 2054 ἀνατείνας
403 1979 452 2054 είς
469 1972 529 2043 τὸν
549 1971 698 2056 ούρανδν
716 1971 776 2054 τάς
789 1987 902 2063 χεῖρας
921 1971 938 2042 ὁ
958 1974 1085 2054 Τύλλος
1104 1973 1226 2058 εὔξατο

207 2095 278 2161 τοῖς
309 2091 419 2167 θεοῖς,
456 2077 516 2148 έάν
552 2078 674 2168 νικῄσῄ
710 2084 750 2168 τῄ
787 2079 863 2150 τόθ’
897 2079 1004 2172 ἡμέρᾳ
1036 2087 1227 2170 Σαβίνους,

209 2187 350 2274 Κρόνου
376 2214 412 2256 τε
439 2187 496 2255 καί
514 2184 606 2266 Ῥέας
627 2186 896 2274 καταστήσεσθαι
925 2191 1117 2276 δημοτελεῖς
1145 2191 1281 2276 §op-508

207 2293 282 2379 τάς,
305 2290 346 2373 δὶς
368 2293 490 2380 ἄγουσι
508 2290 666 2380 Ῥωμαῖοι
687 2291 768 2361 καθ’
795 2296 935 2363 ἕκαστον
958 2293 1115 2364 ἐνιαυτὸν
1139 2295 1227 2366 ὅταν

169 2424 196 2466 εο
210 2397 358 2479 ἅπαντας
384 2398 465 2481 τούς
491 2403 527 2470 ἐκ
554 2404 616 2486 χῄς
642 2406 870 2488 συγκομίσωσι
897 2401 1061 2489 καρπούς,
1082 2403 1140 2472 καί
1162 2403 1228 2473 τὸν

208 2509 277 2574 τῶν
301 2511 440 2575 Σαλίων
463 2508 682 2593 καλουμένων
707 2507 940 2576 διπλασιάσειν
963 2506 1124 2598 ἀριθμόν.
1168 2503 1229 2578 οὗ-

208 2638 261 2679 τοι
298 2609 329 2678 δ’
363 2613 428 2680 είσὶ
469 2613 622 2700 πατέρων
664 2609 813 2698 εὐγενῶν
854 2616 1031 2694 ἐνοπλίους
1069 2613 1229 2704 ὀρχήσεις

208 2717 405 2804 κινούμενοι
423 2716 508 2807 πρὸς
526 2715 631 2785 αύλδν
655 2719 692 2816 ἐν
715 2732 785 2798 τοῖς
804 2720 995 2808 καθήκουσι
1013 2721 1151 2811 χρόνοις
1168 2725 1229 2792 καὶ

209 2821 339 2911 ύμνους
365 2823 462 2903 τινὰς
489 2821 628 2913 ᾅδοντες
655 2829 831 2913 πατρίους,
862 2824 907 2907 ὡς
933 2830 971 2896 ἐν
998 2832 1044 2920 τῷ
1071 2831 1227 2922 προτέρῳ

168 2899 384 3028 Ξδεδήλωκα
407 2928 506 3018 λόγῳ.
551 2925 632 3014 μετὰ
660 2928 699 2997 δὲ
725 2928 787 3017 τήν
814 2929 917 3020 εὐχήν
943 2932 1069 3022 ταύτην
1092 2933 1229 3024 θάρσος

167 1311 189 1374 4

167 1398 194 1438 10

281 3130 297 3178 3
317 3117 475 3192 ἀμφότεροι
493 3122 585 3177 Bom.
599 3124 625 3178 R
683 3131 700 3180 4
718 3121 797 3196 ἀμόν
816 3122 891 3198 μάλα
905 3124 1041 3200 καρτερὸς
1059 3147 1082 3186 ο,
1097 3130 1203 3187 Reiske
1222 3134 1226 3205 Ι

210 3193 344 3265 διέμενον
362 3191 395 3246 δὲ
415 3208 438 3246 ο.
449 3192 554 3277 ΙΡοεέοε
569 3197 575 3260 Ι
590 3195 639 3250 καὶ
658 3199 724 3252 ante
739 3196 872 3268 διέμενον
891 3199 1041 3256 collocavit
1059 3201 1133 3257 smit
1157 3203 1227 3261 obs,

209 3271 292 3335 p.10
348 3268 380 3316 12
400 3261 597 3336 <νη>ριτονΒ
659 3274 692 3322 13
712 3263 851 3338 ἑξήκοντα
869 3269 892 3322 Β
912 3265 984 3326 ἕπτά
1002 3273 1028 3326 R
1082 3279 1116 3330 18
1135 3294 1228 3329 κατα-

210 3331 412 3404 ττήσασθαιΟ
490 3339 525 3389 20
547 3331 613 3399 τούς
636 3333 668 3392 ἐκ
691 3339 788 3408 μύςΒ
817 3335 850 3396 ἐκ
892 3341 925 3410 ἧς
946 3337 1056 3405 τούςΒ
1129 3351 1163 3400 21
1184 3347 1228 3400 δι-

208 3399 401 3461 πλασιάσινΒ
478 3412 511 3460 22
531 3406 564 3462 δὲ
582 3407 605 3461 Β
622 3411 626 3478 Ι
643 3408 696 3465 είσλ
716 3427 769 3468 om.
787 3411 833 3466 Ba
848 3414 852 3481 Ι
870 3360 1040 3470 ένόπλιοιδ.
1119 3421 1155 3471 24
1175 3413 1226 3490 ὡς]

210 3473 261 3538 οδς
279 3475 332 3530 AB
406 3480 439 3530 25
458 3476 601 3547 δεδήλωκε
620 3481 645 3533 A
