2660 3986
599 243 764 294 ..Γ-

175 399 278 480 αύτὸς
301 399 363 487 μὲν
385 405 445 488 τῆς
462 399 646 488 Ῥωμαϊκῆς
674 398 786 487 ἡγεῖτο
816 400 1006 488 δυνάμεως,
1027 397 1190 489 Ἀρρόντα

176 505 214 574 δὲ
240 505 302 574 τὸν
330 505 539 594 ἀδελφιδοῦν
567 511 626 594 τῆς
657 511 868 594 Τυρρηνικῆς
895 513 1085 594 συμμαχίας
1111 505 1188 576 άπέ-

177 615 263 694 ἃειξε
291 613 492 701 στρατηγόν·
525 619 683 708 Λατίνων
712 614 749 682 δὲ
781 615 836 683 καὶ
868 618 936 683 τῶν
967 612 1080 682 ἄλλων
1108 634 1188 702 συμ-
1208 615 1255 680 6’

123 719 296 808 εττμάχων
315 723 429 802 ἐταξεν
453 719 568 810 άρχειν
592 720 702 810 ἄνδρα
725 734 886 808 γενναῖον
905 721 967 808 μὲν
989 719 1030 790 τά
1047 723 1189 808 πολέμια

175 828 239 906 καὶΙ
254 841 396 914 φρονεῖν
417 827 458 898 τά
478 830 599 897 δέοντα
619 827 837 914 ίκανάτατον,
857 829 955 910 ξένον
975 827 1013 897 δὲ
1030 829 1087 896 καὶ
1109 826 1217 896 ἄπο-τ

176 941 245 1002 λιν·
269 934 434 1022 Σερούϊος
457 934 546 1028 αύτῷ
569 956 821 1025 προσηγορικον
840 935 949 1022 όνομα
971 927 1027 1022 ἦν,
1050 935 1192 1016 Τύλλιος

177 1041 214 1108 δὲ
236 1040 274 1110 τὸ
299 1041 516 1128 συγγενικόν·
539 1033 738 1134 ρόῬωμαϊοι
757 1041 837 1130 μετὰ
856 1040 918 1130 τὴν
935 1047 1084 1111 Λευκίου
1107 1048 1191 1129 Ταρ-

175 1152 298 1216 κυνίου
328 1147 486 1236 τελευτὴν
523 1151 715 1236 βασιλεύειν
746 1155 805 1238 τῆς
841 1149 971 1230 πόλεως
1007 1149 1190 1238 ἐπέτρεψαν

176 1251 239 1323 οὐκ
267 1253 370 1342 ούσης
401 1262 576 1349 Ταρκυνίῳ
604 1261 722 1344 γενεάς
749 1256 907 1346 άρρενος,
939 1255 1102 1344 ἀγάμενοι
1128 1256 1190 1325 τὸν

175 1359 286 1450 άνδρα
308 1366 367 1448 της
389 1389 425 1432 τε
447 1364 523 1451 περὶ
546 1361 586 1432 τά
604 1361 756 1432 πολιτικά
778 1365 833 1431 καὶ
856 1368 914 1451 τῆς
932 1365 1009 1452 περὶ
1031 1362 1071 1432 τά
1093 1365 1190 1432 πολέ-
1205 1383 1230 1423 10

176 1495 235 1555 μια
258 1466 386 1558 άρετῆς.
431 1470 530 1556 γένος
553 1469 591 1537 δὲ
613 1473 674 1538 τοῦ
702 1467 829 1558 ἀνδρὸς
855 1473 956 1538 τοῦδε
985 1471 1041 1538 καὶ
1064 1468 1191 1558 τροφὰς

175 1576 232 1644 καὶ
254 1574 355 1662 τύχας
372 1577 428 1644 καί
445 1573 509 1664 τὴν
529 1577 564 1644 ἐκ
582 1580 643 1652 τοῦ
662 1581 762 1644 θείου
781 1577 970 1663 γενομένην
987 1577 1063 1661 περὶ
1086 1575 1190 1644 αὐτὸν

108 1742 120 1774 a
177 1681 393 1770 ἐπιφάνειαν,
422 1681 504 1752 όταν
532 1682 615 1752 κατά
643 1687 741 1754 τούτο
770 1685 918 1770 γε’νωμαι
946 1681 984 1751 τὸ
1008 1683 1108 1773 μέρος
1130 1687 1191 1751 τοῦ

177 1789 298 1876 λόγου,
322 1789 535 1877 διηγήσομαι.

266 1898 380 1964 LXVI.
421 1895 502 1965 Τότε
530 1894 563 1964 δ’
595 1889 674 1983 οὖν,
707 1895 821 1984 ἐπειδὴ
853 1896 1100 1985 παρεσκεύαστο
1130 1893 1190 1982 άμ-
1205 1923 1231 1966 15

177 2004 333 2091 φοτέροις
354 2002 395 2072 τά
417 2002 502 2091 πρὸς
523 2001 584 2073 τὸν
607 2001 723 2090 άγοὸνα
744 2006 927 2092 ἐπιτήδεια,
951 2002 1121 2092 συνῄεσαν
1145 2007 1192 2082 είς

177 2111 302 2198 μάχην,
326 2107 417 2198 εἶχον
441 2110 479 2179 δὲ
500 2109 539 2180 τὸ
564 2111 626 2198 μὲν
650 2109 828 2199 εύιόνυμον
850 2115 949 2200 κέρας
972 2115 1007 2179 οί
1022 2109 1191 2196 Ῥωμαῖοι,

176 2217 214 2286 τὸ
245 2217 283 2286 δὲ
312 2215 424 2300 δεξιὸν
453 2221 488 2286 οί
516 2223 701 2306 Τυρρηνοί,
729 2217 813 2288 κατὰ
840 2220 945 2305 μέσην
974 2217 1012 2286 δὲ
1038 2214 1101 2304 τὴν
1128 2216 1192 2300 φά-

177 2331 285 2410 λαγγα
321 2330 465 2392 Λατῖνοι
502 2324 702 2412 ἐτάχθησαν.
761 2327 949 2413 γενομένου
986 2323 1024 2392 δὲ
1059 2321 1192 2410 άγάνος

177 2435 340 2520 καρτεροῦ
371 2429 416 2499 δι’
443 2429 524 2518 ὅλης
555 2429 679 2520 ἡμέρας
711 2434 833 2502 ἐνίκων
863 2435 898 2500 οί
918 2429 1075 2519 Ῥωμαῖοι
1101 2427 1191 2516 παρὰ
1205 2453 1232 2496 κο

177 2536 265 2608 πολὺ
291 2539 347 2606 καὶ
373 2536 520 2619 πολλούς
550 2539 612 2626 μὲν
641 2536 897 2620 ἀποκτείναντες
927 2543 995 2607 τῶν
1022 2541 1191 2624 πολεμίων

124 2649 220 2715 578ἐν
247 2650 287 2736 τῇ
312 2645 399 2734 μάχη
426 2647 632 2732 γενομένους
664 2645 791 2734 ἄνδρας
820 2642 988 2732 ἀγαθούς,
1015 2647 1128 2736 πολλῷ
1157 2645 1189 2711 δ’

178 2757 226 2820 ἐτι
253 2758 389 2833 πλείους
417 2751 648 2841 αἰχμαλώτους
674 2752 834 2839 λαβόντες
861 2755 898 2820 ἐν
921 2757 961 2840 τῇ
993 2755 1100 2840 φυγῇ,
1123 2756 1193 2819 τῶν

179 2857 217 2925 δὲ
244 2863 464 2946 παρεμβολῶν
496 2856 697 2947 ἀμφοτέροιν
728 2863 894 2946 ἐγκρατεῖς
925 2857 1105 2944 γενόμενοι
1136 2859 1192 2925 καὶ

178 2963 357 3051 χρημάτων
384 2967 490 3051 μέγαν
517 2965 776 3053 περιβαλόμενοι
807 2969 955 3034 πλούτου
988 2961 1094 3043 άβεοός
1125 2961 1190 3051 ἤδη
1205 2986 1232 3028 ιτ

178 3074 237 3157 τῆς
258 3067 433 3154 ὑπαίθρου
459 3070 567 3156 πάσης
596 3071 773 3159 ἐκράτουν,
803 3067 846 3158 ἣν
873 3071 955 3159 πυρὶ
981 3069 1191 3161 καὶσιόηρῳ

178 3179 234 3245 καὶ
261 3180 342 3244 πάσι
369 3176 603 3264 λωβησάμενοι
630 3191 760 3263 κακοῖς,
789 3175 902 3264 ἐπειδὴ
932 3175 970 3246 τὸ
1000 3177 1104 3266 θέρος
1127 3179 1192 3246 ἐτε-

251 3378 266 3426 1
285 3365 448 3442 άρρόνταΒ
466 3366 629 3444 άρροντόιΑ
698 3379 714 3427 6
733 3368 842 3434 τύλλιος
858 3372 882 3426 Β
900 3366 997 3434 τύλλος
1010 3373 1036 3427 R
1104 3379 1119 3427 9
1139 3369 1191 3427 οάκ

179 3461 232 3499 om.
252 3443 276 3497 B
353 3448 387 3497 10
405 3439 534 3498 πολιτικά
554 3444 576 3498 Β
604 3439 742 3513 πολεμικά
762 3445 786 3498 A
808 3446 811 3510 Ι
832 3441 994 3512 πολέμιαΒ
1019 3439 1148 3498 πολιτικά
1166 3445 1192 3498 R

178 3521 212 3570 21
232 3515 288 3568 τῶν
306 3515 448 3585 πολεμίων
462 3517 527 3584 post
546 3510 577 3569 ἐν
596 3515 630 3586 τῇ
650 3511 725 3586 μάχη
743 3513 928 3585 OpraeterB
1000 3520 1033 3570 22
1053 3515 1102 3568 καί
1122 3510 1153 3570 ἐν
1166 3517 1192 3570 A
