2660 3986
540 231 706 282 ..Γ-

12 393 14 406 ’
115 381 176 471 ὑφ’
204 383 359 473 ἕκατέρας
387 387 440 454 ἐπὶ
466 385 629 456 τάναντία
657 384 675 455 ὁ
700 391 846 466 δείλαιος
868 388 906 455 έν
930 384 1033 478 όλίχφ
1058 390 1131 456 δια·

117 495 239 560 σπᾶται
270 492 393 584 χρόνῳ.
443 495 588 574 Μέττιος
620 493 681 581 μὲν
715 491 757 581 δὴ
789 493 997 580 Φουφέττιος
1025 491 1170 575 οὕτωςλ

117 602 251 685 οἰκτρῶς
272 600 329 666 καλ
351 597 543 686 ἀσχήμονος
569 603 725 687 τελευτῆς
752 605 862 688 ἔτυχε,
889 605 960 680 τοῖς
988 597 1019 667 δ’
1046 601 1130 668 ἑταί-

116 731 189 792 ροις
212 703 316 774 αὐτού
339 706 395 774 καὶ
418 705 594 774 συνειδόσι
620 705 683 794 τὴν
710 709 898 794 προδοσίαν
923 704 1055 790 [αὐτοῦ]
1081 709 1131 774 δι-

61 810 283 900 σουκαστήρια
307 809 325 880 ὁ
348 811 507 898 βασιλεὺς
523 817 668 894 καθίσας
690 811 771 894 τούς
793 810 937 892 ἁλόντας
960 813 994 893 ἐξ
1018 809 1158 882 αύτῶυι

116 915 198 986 κατὰ
225 915 286 986 τὸν
314 921 382 986 τῶν
410 921 636 988 λειποτακτῶν
667 945 703 988 τε
732 920 788 988 καὶ
815 921 994 1006 προδοτῶν
1022 919 1130 1007 νόμον

116 1023 318 1094 ἀπέκτεινεν.

205 1131 324 1202 XXXI.
352 1130 409 1202 Ἕν
437 1125 464 1226 ᾧ
493 1132 531 1202 δὲ
557 1131 650 1202 ταῦτ’
676 1135 804 1219 ἐγίνετο
834 1133 961 1224 χρόνῳ,
990 1131 1131 1219 Μάρκος

111 1235 263 1326 Ὁράτιος
286 1235 304 1306 ὁ
328 1241 641 1327 προαπεσταλμένος
669 1237 748 1328 μετά
775 1244 844 1309 τῶν
873 1241 1053 1308 ἐπιλέκτων
1077 1239 1131 1308 ἐπὶ

115 1342 177 1432 τὴν
214 1351 415 1434 καθαίρεσιν
455 1350 515 1433 τῆς
540 1344 666 1433 ’Ἄλβας
705 1349 830 1433 ταχέως
868 1345 1032 1428 διανύσας
1067 1344 1129 1433 τὴν
1145 1371 1172 1411 ιο

118 1448 202 1519 ὁδὸν
228 1452 284 1519 καὶ
306 1450 504 1539 καταλαβῶν
534 1451 641 1531 πύλας
668 1477 704 1520 τε
731 1449 925 1532 ἀκλείστους
946 1454 1002 1521 καὶ
1024 1467 1132 1540 τεῖχος

117 1556 312 1646 ἀφύλακτον
362 1556 507 1639 εὐπετῶς
552 1564 681 1645 γίνεται
730 1562 789 1646 τῆς
833 1559 961 1640 πόλεως
1005 1560 1131 1650 κύριος.

118 1661 321 1752 συναναγῶν
350 1665 388 1734 δὲ
414 1663 452 1734 τὸ
480 1669 612 1752 πλῆθος
638 1669 687 1744 είς
714 1666 891 1750 ἐκκλησίαν
918 1665 960 1734 τά
987 1693 1022 1735 τε
1049 1691 1131 1754 πρα-

116 1774 243 1859 χθέντα
264 1770 348 1840 κατὰ
370 1770 433 1859 τὴν
456 1771 567 1860 μάχην
591 1769 723 1840 ἅπαντα
746 1771 916 1859 ἐδήλωσεν
940 1771 1053 1853 αὐτοῖς
1075 1774 1131 1841 καὶ

116 1906 154 1948 το
181 1878 340 1966 ψήφισμα
366 1883 425 1966 τῆς
447 1877 621 1966 Ῥωμαίων
648 1881 775 1965 βουλῆς
806 1881 994 1966 διεξῆλθεν.
1039 1877 1131 1948 ἀντι-

116 1984 313 2072 βολούντων
342 1984 380 2052 δὲ
408 1989 484 2054 τῶν
507 1984 701 2074 ἀνθρώπων
730 1985 787 2054 καὶ
816 1985 943 2075 χρόνον
976 1990 1024 2066 είς
1054 2011 1132 2074 πρε-

117 2096 235 2178 σβείαν
263 2093 473 2179 αἰτουμένων
506 2090 669 2179 οὐδεμίαν
701 2089 874 2180 ἀναβολὴν
906 2092 1133 2181 ποιησάμενος

115 2196 174 2277 τδις
204 2197 266 2285 μὲν
295 2202 403 2278 οἰκίας
431 2199 487 2266 καὶ
516 2196 557 2268 τδι
588 2203 679 2286 τείχη
712 2199 768 2266 καὶ
797 2207 832 2266 εί
858 2225 891 2266 τι
923 2197 1006 2267 ἀλλο
1034 2225 1132 2268 κατα-

117 2304 287 2392 σκεύασμα
311 2301 482 2373 ἰδιωτικὸν
509 2301 531 2391 ἢ
555 2303 721 2392 δημόσιον
748 2298 792 2391 ἦν
815 2307 1030 2391 κατέσκαπτε,
1053 2305 1132 2386 τούς

118 2411 157 2481 δὲ
188 2409 394 2500 ἀνθρώπους
430 2409 511 2498 μετὰ
542 2415 669 2498 πολλῆς
705 2415 889 2498 φροντίδος
919 2413 1131 2500 παρέπεμπεν
1146 2431 1173 2474 εο
1276 2463 1288 2480 .

117 2523 165 2599 είς
182 2515 314 2606 Ῥώμην
342 2516 487 2604 ἄγοντάς
515 2543 551 2586 τε
579 2515 620 2586 τὰ
651 2518 780 2586 ἑαυτῶν
810 2517 960 2606 χρήματα
989 2521 1046 2588 καλ
1074 2521 1132 2605 φέ-

117 2629 252 2713 ροντας·
285 2621 345 2706 οὓς
373 2621 391 2692 δ
419 2623 546 2704 Τύλλος
572 2621 780 2712 ἀφικόμενος
808 2621 872 2692 ἀπδ
901 2621 1171 2714 στρατοπέδου3
1280 2631 1283 2636 ’

116 2741 189 2812 ταῖς
206 2729 380 2819 Ῥωμαίων
409 2737 532 2818 φυλαῖς
560 2731 617 2799 καὶ
645 2731 810 2820 φράτραις
837 2733 1017 2800 ἐπιδιεῖλεν
1041 2731 1132 2818 οίκή-

118 2859 188 2918 σεις
209 2865 245 2907 τε
268 2841 575 2924 συγκατεσκεύασεν
594 2839 632 2905 ἐν
652 2831 703 2917 οἷς
726 2835 822 2905 αύτολ
839 2841 1054 2927 προηροῦντο
1073 2841 1132 2924 τῆς

116 2943 246 3024 πόλεως
271 2944 387 3026 τόποις
413 2945 469 3012 καί
500 2948 558 3032 τῆς
586 2947 760 3031 δημοσίαςΙ
781 2947 843 3031 γῆς
868 2941 930 3029 τὴν
959 2940 1132 3031 ἀρκοῦσαν
1146 2963 1172 3006 ετ

59 3066 192 3132 ὅο4τοϊς
218 3051 427 3139 θητεύουσιν
450 3051 484 3132 ἐξ
511 3048 624 3119 αύτῶυ
653 3048 826 3138 ἀπεμέριζε
852 3065 925 3131 ταῖς
951 3075 987 3118 τε
1015 3049 1133 3128 ἀλλαις

1150 1851 1172 1915 2

1147 1938 1171 1980 15

189 3289 203 3337 1
226 3278 324 3352 ἑτέρας
343 3284 368 3336 Α
439 3287 455 3335 3
476 3277 584 3350 ἑτέροις
602 3281 678 3336 ΔΒει
749 3286 767 3334 4
788 3273 957 3335 αύτοῶδοΙΙ
980 3280 1131 3352 Κίεεελίοχ,

118 3353 208 3409 Cobet
222 3353 287 3408 Obs.
301 3371 329 3423 p.
345 3358 378 3408 67
453 3359 469 3406 6
487 3353 664 3406 λιποτακτῶν
683 3367 705 3407 ο.
725 3349 853 3406 Ηετῶοίο
866 3348 982 3406 Hermes
996 3351 1022 3406 X
1040 3369 1067 3422 p.
1078 3357 1130 3408 411

117 3431 151 3480 21
170 3419 295 3494 ἀχοντύς
317 3443 347 3478 τε
372 3425 402 3479 ολ
424 3422 474 3477 καλ
496 3423 550 3478 del.
574 3423 682 3494 Kayser
703 3424 774 3477 Ann.
798 3421 867 3491 phil.
893 3427 960 3477 1861
985 3440 1012 3492 p.
1032 3428 1063 3490 5,
1082 3422 1132 3478 καλ

117 3495 258 3566 φέροντας
280 3494 336 3550 del.
355 3493 497 3564 Kiessling
574 3499 608 3549 26
626 3490 815 3564 θηττεύοοοιυ
834 3493 856 3545 Β
881 3488 1130 3562 τεθητεύουσιυΡι

170 3603 270 3645 Βτοιινι.
284 3604 349 3643 Ηευ.
362 3604 381 3643 L
395 3613 435 3643 ιο.
448 3602 549 3643 θεοοεν.
821 3657 824 3662 Ι
937 3589 971 3638 22
