2682 3982
478 213 725 294 ‘-ss-

136 396 353 486 ἀδικηθεῖσιν
376 397 530 486 ἀπάγειν,
555 396 572 468 ὁ
598 399 635 468 δέ
662 398 780 478 Τάτιος
802 402 870 467 τῶν
895 398 1036 487 ἑταίρων
1059 423 1150 487 περι-

138 505 297 594 εχόμενος
333 504 394 574 οὐκ
426 505 523 593 ήξίου
559 505 623 593 πρὸ
666 509 761 592 δίκης
796 503 890 584 τιυδις
926 501 982 572 ὑπ’
1017 508 1150 594 ἐχθρῶν

137 611 282 698 ἄγεσθαι
308 611 365 680 καί
392 616 496 682 ταῦτα
523 618 660 691 πολίτας
688 610 788 692 ὄντας
814 609 879 680 ὑπὸ
905 611 1024 692 ξένων·
1059 611 1150 680 δικά-

138 725 254 800 ζεσθαι
288 717 319 787 δ’
349 717 465 800 αὐτοῖς
498 721 627 788 ἐκέλευε
663 719 743 800 τοὺς
774 716 959 806 ήδικήσθαι
992 720 1151 805 λέγοντας

137 829 186 905 εἰς
202 823 333 912 Ῥάμην
361 823 598 914 ἀφικομένους.
649 829 684 896 οί
709 824 771 913 μέν
800 823 842 911 δὴ
869 825 1024 912 πρέσβεις
1047 790 1190 918 οόδένξ

138 929 315 1021 εὑρόμενοι
337 937 406 1002 τῶν
431 936 572 1002 δικαίων
595 929 862 1020 ἀγανακτοῦντες
885 929 1047 1021 ἀπήεσαν,
1073 929 1149 1000 ἀκο-

137 1038 369 1126 λουθήσαντες
392 1037 424 1108 δ’
450 1037 565 1120 αὐτοῖς
586 1045 655 1110 τῶν
669 1045 832 1126 Σαβίνων
850 1037 940 1120 τινές
957 1035 1014 1108 ὑπ’
1037 1036 1150 1126 δργής,

83 1147 389 1233 σεσέσκηνωμένοις
419 1143 508 1234 παρὰ
539 1145 602 1234 τήν
639 1144 723 1216 όδόν
756 1146 894 1236 (ἑσπέρα
930 1143 995 1232 γδιρ
1027 1142 1151 1224 αὐτοὺς

137 1253 331 1340 κατέλαβεν)
355 1252 562 1322 ἐπιτίθενται
584 1252 794 1322 καθεύδουσι
811 1252 867 1320 καὶ
890 1250 930 1320 τά
949 1277 984 1320 τε
1007 1249 1146 1340 χρήματ’

138 1357 260 1438 αὐτοὺς
283 1357 509 1446 ἀφαιροῦνται
537 1359 592 1427 καί
620 1356 768 1439 ὁπόσους
798 1360 834 1426 ἐν
857 1371 928 1437 ταῖς
951 1363 1077 1437 κοίταις
1101 1362 1149 1426 ἔτι
1164 1381 1190 1422 ιο

136 1467 321 1552 ιιατέλαβον
348 1463 638 1554 ἀποσφάττουσιν,
670 1461 764 1544 ὅσοις
791 1465 829 1534 δὲ
856 1479 969 1550 ταχεῖα
999 1468 1053 1551 τής
1082 1466 1150 1532 ἐπι-

136 1576 263 1659 βουλῆς
294 1571 406 1641 αὐτῶν
439 1581 600 1659 αἴσθησις
626 1573 758 1657 ἐγένετο
788 1572 844 1638 καί
875 1573 936 1639 τοῦ
969 1575 1150 1658 διαφυγεῖν

139 1677 283 1766 δύναμις
306 1683 353 1759 είς
370 1677 433 1766 τήν
456 1677 557 1746 πόλιν
577 1675 809 1764 ἀφικνοῦνται.
842 1675 922 1764 μετὰ
940 1679 1039 1745 τοῦτο
1062 1681 1097 1744 ἐκ
1115 1703 1150 1746 τε

16 1835 22 1848 .
138 1789 328 1852 Λαουινίου
350 1787 506 1872 πρέσβεις
524 1781 725 1872 ἀφικόμενοι
747 1785 802 1852 καὶ
827 1786 859 1865 ἐξ
882 1780 994 1851 ἄλλων
1017 1781 1151 1852 πόλεων

138 1893 274 1976 συχνῶν
292 1889 505 1978 κατηγόρουν
523 1894 583 1977 τής
600 1896 809 1978 παρανομίας
828 1891 883 1958 καί
901 1887 1050 1976 πόλεμον
1068 1913 1150 1976 παρ·
1165 1911 1190 1952 1⁶

137 1997 302 2084 ήγγελλον
325 2001 357 2064 εί
377 1993 422 2083 μή
445 1997 618 2078 τεύξονται
640 2000 698 2083 τῆς
722 1999 826 2083 δίκης.

226 2104 296 2170 ΙιΠ.
315 2099 471 2194 Ῥωμύλῳ
492 2102 554 2190 μὲν
574 2094 637 2171 οὖν
662 2102 789 2188 δεινόν,
809 2100 919 2192 ὥσπερ
942 2094 995 2189 ήν,
1018 2102 1151 2191 ιδπερὶ

137 2207 216 2290 τοὺς
238 2206 442 2296 πρεσβευτάς
465 2211 621 2295 ἐφαίνετο
640 2208 751 2289 πάθος
772 2211 828 2278 καὶ
848 2215 980 2296 ταχείας
1001 2206 1151 2297 άφοσινό·

139 2335 223 2395 σεως
250 2314 430 2404 δεόμενον,
460 2312 505 2395 ὡς
533 2319 626 2403 ἱεροῦ
653 2318 905 2405 καταλυομένου
932 2314 1050 2401 νόμου.
1095 2317 1151 2384 καί

139 2421 242 2492 οὐδὲν
273 2427 321 2490 ἐτι
354 2421 591 2508 διαμελλήσας,
625 2418 670 2501 ὡς
701 2419 792 2490 είδεν
829 2420 1059 2509 ὀλιγωροῦντα
1089 2420 1150 2490 τὸν
1164 2441 1191 2481 20

142 2527 265 2597 Τάτιον
297 2525 399 2607 αὐτὸς
431 2530 596 2614 συνέλαβε
627 2525 706 2606 τοὺς
742 2527 881 2615 ἐνόχους
911 2531 957 2619 τῷ
989 2526 1063 2614 ἄγει
1095 2529 1151 2597 καὶ

140 2634 245 2721 δήσας
267 2637 438 2724 παρέδωκε
460 2649 531 2714 τοῖς
553 2640 771 2721 πρεσβευταῖς
789 2632 938 2720 ἀπάγειν.
984 2639 1091 2726 Τατίῳ
1113 2633 1191 2704 δὲ2

138 2739 252 2827 θυμός
273 2766 307 2808 τε
331 2742 512 2828 είσέρχεται
534 2745 593 2829 τῆς
615 2738 759 2827 ὕβρεως,
785 2735 829 2826 ήν
852 2735 918 2808 ὑπὸ
941 2744 1003 2808 τοῦ
1027 2740 1151 2830 συνάρ-

139 2872 258 2934 χοντος
279 2844 394 2936 ήτιᾶτο
417 2843 581 2934 ὑβρίσθαι
603 2844 687 2914 κατὰ
709 2845 771 2933 τήν
794 2845 985 2932 παράδοσιν
1004 2850 1072 2916 τῶν
1091 2845 1151 2914 άν-

140 2955 243 3040 δρῶν,
265 2951 321 3019 καὶ
345 2949 454 3034 οἶκτος
476 2957 544 3020 τῶν
567 2951 790 3039 ἀπαγομένων
818 2943 875 3040 (ήν
897 2949 961 3040 γὰρ
990 2953 1046 3020 καὶ
1070 2971 1149 3038 συγ-
1163 2977 1190 3020 ει

138 3057 238 3144 γενής
268 3083 319 3138 τις
350 3056 455 3126 αὐτοῦ
487 3061 532 3149 τῷ
565 3057 639 3144 άγει
671 3058 801 3147 ἔνοχος)
833 3057 889 3125 καὶ
920 3054 1039 3125 αὐτίκα
1070 3055 1150 3138 τοὺς

139 3162 341 3252 στρατιώτας
372 3161 554 3252 ἀναλαβὼν
590 3163 729 3254 ἐβοήθει
766 3163 823 3232 διὰ
858 3163 980 3250 τάχους
1012 3165 1048 3231 ἐν
1082 3159 1151 3257 ὁδῷ

211 3365 226 3412 3
250 3353 374 3429 ἄγεσθαι
392 3359 438 3414 Bb
472 3355 629 3430 ἐνάγεσθαι
652 3361 728 3416 ΑΒε
759 3353 923 3428 ἀνάγεσθαι
940 3357 1043 3412 Reiske
1075 3352 1151 3412 άπά-

139 3433 244 3500 γεσθαι
271 3445 293 3486 ο.
317 3431 455 3486 ΒδολιθΙετ
544 3437 560 3485 5
584 3427 633 3501 δὴ]
662 3428 694 3485 δέ
717 3431 770 3484 AB
861 3435 894 3483 19
923 3427 1151 3500 καταλελυμένον

140 3500 319 3557 0.B1‘10heler
390 3507 425 3556 20
443 3496 670 3572 όλιγοροῦνταΒ
741 3506 775 3555 22
794 3497 1004 3572 πρεσβόταιςΒ

938 3590 993 3642 16*
