2660 3986
568 197 735 248 -Γ-

146 355 204 419 δια
231 353 287 420 καὶ
315 357 429 439 φαῦλα
460 367 532 432 ταῖς
564 354 733 440 ἐργασίαις
765 351 847 422 όντα
874 357 1005 440 πρῶτος
1031 351 1158 446 ᾠκοδο-

145 459 273 546 μήσατο
301 465 414 540 λίθοις
441 457 630 547 ἁμαξιαίοις
656 461 889 546 εἰργασμένοις
915 459 999 548 πρὸς
1019 460 1159 529 κανόνα.

106 568 128 632 5
146 564 268 653 ήρξατο
297 565 336 634 δὲ
362 567 418 634 καί
440 564 499 646 τάς
521 563 717 654 ὑπονόμους
745 564 898 654 ὀρύττειν
920 566 1086 654 τάφρους,
1110 564 1155 634 δι’

148 665 197 741 τόν
226 674 279 742 ἐπί
309 672 371 742 τὸν
402 675 541 761 Τέβεριν
574 671 760 760 ὀχετεύεται
789 675 857 740 πᾶν
884 671 922 742 τὸ
951 674 1095 762 συρρέον
1123 673 1160 740 ἐκ

118 783 216 848 ετῶν
248 783 429 850 στενωπῶν
460 777 570 867 ύδωρ,
603 784 684 868 ἔργα
716 777 895 866 θαυμαστά
930 779 987 846 καί
1018 773 1158 866 Ικρείττω

145 885 251 972 λόγου
281 885 622 973 κατασκευασάμενος.
677 883 774 972 ἔγωγ’
806 877 869 955 οὑν
903 889 939 954 ἐν
970 885 1060 972 τρισὶ
1090 899 1161 963 τοῖς

146 991 508 1082 μεγαλοπρεπεστάτοις
538 992 829 1080 κατασκευάσμασι
865 997 924 1079 τής
949 989 1095 1078 Ῥώμης,
1127 993 1161 1072 ἐξ

147 1088 197 1166 ών
229 1097 372 1185 μάλιστα
408 1097 446 1166 τὸ
477 1103 536 1186 τής
567 1097 748 1187 ἡγεμονίας
780 1102 974 1186 ἐμφαίνεται
1007 1099 1161 1186 μέγεθος,

145 1203 205 1282 τάς
226 1229 262 1272 τε
283 1208 352 1272 τῶν
370 1201 506 1272 ὑδάτων
525 1201 658 1292 άγωγδις
678 1210 814 1293 τίθεμαι
832 1207 888 1274 καὶ
905 1203 964 1284 τάς
981 1209 1050 1273 τῶν
1069 1202 1161 1273 ὁδῶν

108 1336 136 1376 10
150 1309 309 1397 στρώσεις
335 1311 391 1377 καὶ
417 1309 478 1390 τὰς
503 1314 572 1380 τῶν
594 1309 779 1398 ὑπονόμων
808 1313 965 1399 ἐργασίας
988 1309 1030 1379 οὐ
1052 1310 1161 1398 μόνον

147 1420 195 1496 είς
221 1415 259 1484 τὸ
288 1416 454 1504 χρήσιμον
485 1422 544 1504 τής
570 1421 775 1504 κατασκευῆς
802 1416 864 1504 τήν
895 1415 1052 1486 διάνοιαν
1080 1414 1162 1485 άνα-

147 1525 279 1610 φέρων,
306 1521 391 1612 ὑπὲρ
416 1515 458 1593 οὑ
483 1522 566 1594 κατά
588 1523 649 1594 τὸν
679 1529 804 1593 οίκείον
826 1522 947 1613 καιρὸν
970 1525 1050 1612 ἐρῶ,
1078 1519 1162 1590 ἀλλὰ

147 1630 204 1698 καὶ
227 1635 275 1710 είς
297 1628 359 1716 τὴν
377 1633 446 1698 τών
469 1627 700 1717 ἀναλωμάτων
718 1631 947 1716 πολυτέλειαν,
970 1625 1013 1716 ἢν
1032 1630 1066 1710 ἐξ
1085 1625 1163 1706 ἑνὸς

149 1741 252 1822 ἐργου
273 1733 462 1824 τεκμήραιτ’
487 1734 531 1804 άν
553 1763 604 1816 τις
621 1735 728 1806 Γάιον
748 1734 914 1804 Ἀκίλλιον
936 1733 1163 1822 ποιησάμενος
1315 1813 1317 1836 1

108 1866 136 1908 ιι
149 1847 210 1912 τού
243 1845 424 1930 μέλλοντος
455 1844 615 1928 λέγεσθαι
646 1841 851 1929 βεβαιωτήν,
883 1840 921 1922 ὅς
947 1861 1053 1930 φησιν
1080 1839 1218 1929 άμε-σεν

147 1952 321 2035 ληθεισών
352 1973 432 2018 ποτε
463 1951 531 2016 τών
562 1948 702 2036 τάφρων
732 1948 788 2016 καὶ
820 1951 936 2035 μηκέτι
968 1949 1162 2036 διαρρεομέ-

148 2082 221 2124 νων
247 2053 326 2135 τοὺς
352 2051 490 2141 τιμητὰς
516 2051 578 2140 τήν
607 2052 843 2142 ἀνακάθαρσιν
871 2053 983 2123 αύτών
1014 2055 1070 2122 καὶ
1098 2052 1161 2141 τήν

149 2160 327 2250 ἐπισκευήν
351 2165 468 2249 χιλίων
491 2165 663 2248 μισθῶσαι
685 2160 869 2230 ταλάντων.

238 2269 395 2336 LXVIII·
419 2268 650 2338 Κατεσκεύασε
678 2267 716 2336 δέ
743 2268 799 2336 καὶ
825 2265 887 2337 τὸν
914 2269 1071 2355 μέγιστον
1093 2270 1162 2334 τών

110 2398 138 2440 εο
151 2375 372 2464 ἱπποδρόμων
399 2373 586 2463 Ταρκύνιος
607 2375 669 2444 τὸν
692 2373 813 2463 μεταξὺ
834 2379 896 2444 τοῦ
918 2401 954 2443 τε
972 2372 1163 2444 Αύεντίνου

148 2483 205 2548 καὶ
241 2485 302 2548 τοῦ
338 2486 555 2550 Παλλαντίου
595 2485 751 2569 κείμενον
791 2485 921 2566 πρώτος
957 2478 1164 2566 ὑποστέγους

147 2586 292 2673 ποιήσας
327 2587 403 2672 περὶ
440 2583 545 2654 αὑτὸν
581 2590 751 2676 καθέδρας
792 2587 888 2678 (τέως
923 2585 988 2675 γάρ
1025 2587 1164 2666 ἑστῶτες

150 2691 339 2782 ἐθεώρουν)
356 2691 406 2762 ἐπ’
426 2697 556 2782 ἰκρίοις,
575 2696 686 2762 δοκόν
706 2695 856 2776 ξυλίναις
875 2707 1014 2780 σκηναῖς
1031 2690 1164 2762 ὑποκει-

223 2897 236 2943 1
266 2883 469 2960 ᾠκοδομήσατο
497 2888 633 2944 Βάολιυλετ
671 2885 872 2962 ἐδο<μήσ>ατο
899 2889 922 2942 Β
959 2883 1110 2958 ἐδοκίμασε
1138 2889 1165 2942 R

150 2968 166 3016 6
186 2957 468 3031 κατασκευασάμενος
486 2976 509 3013 ο.
528 2957 631 3016 Reiske
648 2963 653 3029 Ι
670 2958 701 3015 ἐν
719 2978 774 3015 τισι
788 2961 820 3028 Β,
838 2978 894 3014 τισι
911 2957 958 3014 vel
976 2960 1049 3028 τρισὶ
1067 2959 1164 3014 delen·

150 3031 218 3119 dun}
236 3047 305 3118 εεεοἱ
314 3049 388 3101 susp.
407 3030 550 3101 Kiessling
611 3031 769 3118 Βρίγεθης
787 3033 810 3086 Β
829 3029 959 3102 μέγιστον
977 3031 1003 3084 R
1062 3026 1166 3090 θεοὺς

151 3120 376 3228 2-1ῗὲὑὺὑὲίοὺ
392 3102 628 3230 gffihsszligdw
643 3108 690 3226 ἐξ
717 3099 923 3242 αυεθέτίίόιᾞέοιῗ
933 3102 1112 3240 Βλὺυίεὺόίόιοό)
1117 3101 1165 3226 B}

150 3243 248 3314 ἰκρίων
263 3245 288 3298 Α
303 3247 308 3313 1
324 3244 418 3300 δοκόν
431 3245 454 3298 Β
468 3241 599 3299 δονάκων
613 3245 651 3311 A3
670 3244 790 3300 fortasse
809 3239 1164 3310 ίκρίωυ-δωδεκαπόδων

151 3315 328 3371 scribendum
355 3332 415 3371 esse
439 3332 513 3385 susp.
538 3313 566 3370 O.
591 3313 674 3370 Peter
696 3314 800 3370 Philol.
825 3314 942 3371 XXXIII
965 3333 992 3384 p.
1017 3319 1083 3383 572,
1103 3331 1164 3440 μου

151 3389 265 3472 εοοίρτε
288 3387 375 3512 vgrba
397 3385 558 3456 interpunxi
574 3389 578 3455 l
595 3381 793 3457 ὑποκειμένων
818 3387 919 3442 Portus
946 3389 975 3440 et
996 3383 1080 3440 Peter
1118 3405 1165 3438 πι-

150 3476 288 3527 κειμευων
