2660 3986
568 229 734 280 -Γ-
1091 229 1155 293 377

143 393 239 472 θημα
256 390 315 472 τῆς
333 385 470 472 ἐφόδου.
504 390 573 454 τών
593 383 626 453 δ’
646 388 684 455 έν
702 399 772 467 τοίς
789 387 908 477 χάραξι
926 391 1155 477 καταληφθέν-
1175 396 1197 460 4

142 519 212 562 των
240 495 276 560 υί
302 491 365 580 μὲν
394 491 458 561 ὑπὸ
482 497 550 564 τών
572 491 747 582 Ῥωμαίων
772 494 955 582 μαχόμενοι
977 497 1158 584 κατεκόπη·

143 618 224 685 σαν,
248 602 290 666 οί.
303 597 336 667 δ’
362 604 409 680 είς
431 597 493 687 τήν
517 598 692 688 συμβολήν
718 609 788 669 τών
814 606 975 691 ποταμών
998 605 1158 691 ῥίψαντες

12 797 13 800 ¹
144 705 284 786 ἑαυτοὺς
321 704 364 775 οὐ
405 707 613 793 δυνηθέντες
653 705 923 796 ὑπερενεχθῆναι
965 707 1024 790 τὰς
1060 714 1157 792 δίνας

141 811 393 900 κατεπόθησαν·
423 813 559 903 έφθάρη
583 815 624 884 δέ
642 838 693 896 τις
716 811 828 884 αὐτῶν
851 827 952 904 μοίρα
976 812 1037 885 οὐκ
1060 814 1184 904 ὀλίγηι

13 944 19 957 ·
141 919 303 989 καὶκατὰ
329 917 392 1007 τήν
418 921 584 1008 βοήθειαν
611 925 671 1008 τῆς
697 923 847 1011 γεφύρας
868 919 934 991 ὑπὸ
957 925 1021 990 τοῦ
1041 921 1157 1012 πυρός.

142 1025 257 1114 λαβών
286 1026 324 1094 δὲ
352 1025 370 1095 ὁ
398 1027 585 1116 Ταρκύνιος
611 1026 786 1116 ἀμφότερα
811 1027 852 1098 τά
882 1027 1089 1116 στρατόπεδα
1115 1011 1185 1097 ταδ’*

143 1133 205 1221 μὲν
234 1136 271 1202 έν
298 1131 413 1214 αὐτοίς
439 1135 699 1221 καταληφθέντα
726 1135 876 1224 χρήματα
904 1149 976 1217 τοϊς
998 1135 1156 1224 στρατιώ-
1225 1188 1229 1196 .

141 1265 215 1320 ταις
251 1241 407 1328 ἐπέτρεψε
444 1244 700 1328 διανείμασθαι,
736 1240 816 1323 τοὺς
852 1241 891 1310 δὲ
926 1241 1157 1330 αἰχμαλώτους

141 1346 290 1428 πολλοὺς
315 1346 409 1416 πάνυ
434 1345 535 1427 ὄντας
556 1352 720 1434 Σαβίνων
746 1373 782 1417 τε
811 1346 924 1417 αδτών
946 1348 1003 1417 καὶ
1030 1355 1156 1439 Τνρρη·
1170 1375 1197 1418 10

144 1457 217 1522 νών
240 1458 288 1533 είς
306 1451 438 1542 Ῥώμην
460 1452 598 1542 ἀγαγών
621 1452 678 1521 διὰ
700 1457 826 1540 πολλῆς
848 1453 914 1542 εἶχε
938 1461 1098 1544 φυλακῆς.

231 1561 333 1629 LVII.
365 1565 512 1646 Σαβῖνοι
534 1559 597 1649 μὲν
620 1553 685 1628 οὖν
709 1560 986 1649 έγνωσιμάχησαν
1008 1559 1074 1632 ὑπὸ
1098 1567 1157 1652 τής

140 1666 216 1736 τότε
244 1669 420 1755 συμφοράς
451 1667 649 1754 βιασθέντες
680 1665 736 1734 καὶ
770 1666 975 1753 πρεσβευτὰς
1006 1665 1156 1738 άποστεί-

145 1782 264 1854 λαντες
276 1771 400 1861 ιἰνοχὰς
413 1771 614 1859 ἐποιήσαντο
632 1776 695 1842 τοῦ
711 1772 861 1859 πολέμου
874 1773 1051 1860 [σπονδὰς]
1068 1777 1155 1858 ἑξαε-

6 1901 7 1908 ’
87 1893 226 1966 εειτείς,
254 1879 424 1968 Τυρρηνοὶ
447 1877 486 1947 δὲ
509 1877 593 1969 ὀργή
611 1880 772 1968 φέροντες
794 1876 845 1947 ὅτι
867 1877 1010 1967 ήττηντό
1032 1909 1067 1951 τε
1089 1880 1154 1952 ὑπὸ
1170 1915 1196 1956 ιι

5 1945 8 2044 δ
55 2059 69 2074 ‚
136 1985 310 2075 Ῥωμαίων
337 1985 497 2067 πολλάκις
522 1987 579 2056 καὶ
607 1984 659 2054 ὅτι
686 1986 766 2066 τοὺς
789 1985 1019 2074 αἰχμαλώτους
1041 1987 1156 2071 αάτοίς

5 2089 9 2118 ’
142 2093 161 2164 ὁ
189 2094 376 2184 Ταρκύνιος
404 2090 467 2163 οὐκ
488 2093 654 2163 ἀπεδίδου
680 2097 995 2182 πρεσβευσαμένοις,
1018 2092 1092 2164 ἀλλ’
1119 2097 1156 2164 έν

142 2199 281 2290 ὁμήρων
302 2213 430 2288 κατεῖχε
452 2199 558 2292 λόγῳ,
581 2201 740 2289 ψήφισμα
767 2204 945 2271 ποιοῦνται
967 2200 1075 2282 πάσας
1097 2201 1156 2283 τὰς

140 2312 209 2376 τών
237 2311 423 2397 Τυρρηνῶν
448 2307 563 2387 πόλεις
588 2311 687 2397 κοινή
714 2305 774 2376 τὸν
801 2305 884 2376 κατὰ
902 2308 1074 2395 Ῥωμαίων
1095 2309 1154 2378 πό·

142 2421 246 2501 λεμον
268 2414 437 2502 ἐκφέρειν,
459 2411 523 2501 τήν
546 2413 584 2482 δέ
607 2412 652 2501 μή
673 2415 879 2501 μετέχουσαν
901 2419 961 2502 τῆς
982 2420 1155 2503 στρατείας
1168 2447 1195 2488 το

142 2523 331 2590 ἔκσπονδον
367 2519 464 2590 εἶναι.
517 2518 610 2589 ταῦτ’
645 2519 911 2609 ἐπικυρώσαντες
946 2523 1066 2609 ἐξῆγον
1097 2521 1195 2603 τάς2

143 2627 304 2715 δυνάμεις
330 2628 387 2696 καὶ
415 2627 592 2721 διαβάντες
617 2625 678 2697 τὸν
705 2630 845 2717 Τέβεριν
872 2628 979 2718 άγχοῦ
1004 2629 1156 2718 Φιδήνης

141 2739 294 2832 τίθενται
320 2733 362 2804 τά
389 2733 485 2804 ὅπλα.
530 2732 708 2822 γενόμενοι
737 2734 775 2804 δέ
804 2737 864 2822 τῆς
884 2735 1013 2815 πόλεως
1034 2735 1156 2822 ταύτης

142 2843 311 2932 ἐγκρατεῖς
329 2840 386 2910 διά
407 2845 592 2930 προδοσίας
614 2843 869 2911 στασιασάντων
888 2841 973 2930 πρὸς
990 2839 1156 2928 ἀλλήλους

140 2953 210 3018 τών
238 2951 275 3018 έν
304 2947 388 3038 αὐτῇ
416 2950 473 3018 καὶ
498 2947 607 3079 πολλά
634 2949 696 3037 μὲν
719 2947 855 3036 σώματα
878 2947 1053 3034 λαβόντες,
1076 2955 1155 3017 πολ·
1169 2977 1195 3019 τι

215 3146 317 3214 ὖδιεφ
319 3143 398 3216 θάρη
418 3144 660 3215 c..p(30bet0bs
663 3149 718 3199 ‘11
793 3148 826 3197 12
844 3137 903 3197 άπὸ
923 3143 945 3198 O
966 3159 1037 3198 corr.
1054 3142 1155 3214 Pflugk

143 3222 175 3270 13
196 3165 317 3290 βιασθέφ
303 3235 367 3280 ντες
363 3165 440 3271 ρδελ.
460 3215 585 3271 ΟοοθδΙ.
604 3216 623 3270 l.
697 3219 731 3268 14
749 3207 851 3284 post’
832 3233 886 3268 ανο
887 3208 939 3283 χάς
961 3213 1025 3269 add.
1051 3162 1155 3270 Reiske

142 3285 357 3374 αἰτησομένους,
381 3283 507 3350 σπονδάς
529 3287 584 3341 dol.
607 3285 763 3374 Kiessling
790 3282 878 3340 Cobet
887 3233 1010 3356 χ,οὶ)εμ
1011 3290 1071 3342 .’11
1068 3301 1153 3371 seq.

141 3359 191 3414 καί
210 3355 335 3421 σπονδάς
353 3359 456 3414 Portus
529 3363 563 3413 15
582 3351 666 3428 ὀργή]
687 3349 726 3412 δι’
743 3325 828 3425 άργῆς
847 3373 870 3410 ο.
885 3304 1030 3440 Kiensling
1045 3360 1049 3424 Ι
1067 3349 1154 3412 οτεΔ

142 3435 176 3484 19
194 3431 251 3484 τών
270 3429 362 3486 om.B
434 3435 469 3485 20
488 3431 634 3499 στρατείας
649 3427 771 3498 Sylburg
790 3427 958 3497 στρατιάςΟ
1030 3434 1066 3483 24
1085 3422 1155 3496 πρὸς

141 3496 279 3570 ἀλλήλους
297 3502 320 3556 Β
339 3518 394 3557 om.
413 3501 438 3578 Β
573 3509 578 3520 ’
