2660 3986
8 116 16 373 γ

7 401 12 463 Ε
130 397 367 486 ἐξενεγκαμένη
396 396 629 484 συνελθούσης
657 399 690 480 ἐξ
720 395 860 467 ἁπασῶν
881 401 951 468 τῶν
979 402 1144 486 Τυρρηνί-

75 510 205 575 δοαθων
228 504 360 574 πόλεων
384 503 530 592 μεγάλης
551 515 623 584 τοίς
641 502 860 586 Οὐιεντανοῖς
883 505 1074 590 ἐπικουρίας
1096 509 1144 584 είς

128 613 240 700 μάχην
261 615 452 680 καταστᾶσα
473 615 573 698 νίκην
598 609 834 700 ἀναμφίλογον
856 609 1056 699 άναιρελται·
1087 612 1143 679 καὶ

129 716 212 807 μετά
233 722 334 788 τοῦτο
354 719 525 799 διεξιοῦσα
541 717 605 805 τὴν
624 717 739 806 χῶραν
756 721 825 787 τῶν
843 722 1014 805 πολεμίων
1036 715 1144 798 άθεῶς

6 834 10 897 λ
129 825 270 913 ἐπόρθει
293 825 459 912 γενομένη
480 850 516 893 τε
539 827 675 894 πολλῶν
697 824 760 912 μέν
785 824 950 914 σωμάτων
973 824 1170 912 ἐγκρατής,ε

129 935 265 1002 πολλῶν
289 931 326 1000 θέ
347 930 526 1020 χρημάτων
546 925 601 1000 οἷα
619 933 653 1014 ἐξ
673 930 874 1020 εὐδαίμονος
891 933 1011 1021 χωρας,
1033 941 1143 1002 τελευ-

129 1041 254 1120 τῶντος
276 1038 342 1126 ἤθη
365 1042 426 1108 τοῦ
449 1039 576 1126 θέρους
599 1043 714 1108 οίκαθε
737 1036 844 1130 άπῄει.

219 1147 337 1216 LVIIL
362 1143 563 1216 Οὐιεντανοὶ
581 1145 643 1233 μέν
667 1138 731 1214 οὖν
755 1149 788 1228 ἐξ
811 1149 940 1233 ἐκείνης
957 1149 1016 1234 τῆς
1038 1145 1144 1234 μάχης

129 1252 280 1341 μεγάλως
302 1253 513 1332 κακωθέντες
536 1251 647 1322 οὐκέτι
670 1251 840 1342 προῄεσαν
864 1253 900 1320 ἐκ
924 1255 983 1340 τῆς
1005 1253 1143 1339 πόλεως,

129 1357 202 1428 ἀλλ’
223 1358 399 1446 ἠνείχοντο
417 1360 618 1447 κειρομένην
636 1357 699 1445 τὴν
717 1358 830 1446 χῶραν
854 1356 1008 1445 ὁρῶντες.
1048 1364 1143 1445 βασι·
1158 1383 1184 1424 το

130 1464 208 1546 λεὺς
235 1465 273 1533 δὲ
300 1463 489 1550 Ταρκύνιος
514 1466 625 1552 τρισὶν
653 1469 823 1550 εἰσβολαῖς
852 1465 1061 1552 χρησάμενος
1087 1466 1143 1534 καὶ

127 1575 240 1660 τριετῆ
263 1570 390 1659 χρόνον
414 1570 643 1660 ἀποστερήσας
664 1569 744 1650 τοὺς
766 1568 994 1651 Οὐιεντανοὺς
1015 1575 1084 1640 τῶν
1107 1573 1143 1640 ἐκ

128 1683 188 1766 τῆς
211 1681 373 1766 σφετέρας
394 1682 455 1766 γῆς
478 1679 695 1765 ἐπικαρπιῶν,
719 1674 765 1757 ῶς
783 1681 909 1764 ἔρημον
928 1679 1063 1764 ἐποίησε
1081 1677 1143 1765 τὴν

3 1807 4 1812 ’
130 1791 289 1873 πλείστην
308 1786 364 1852 καὶ
384 1781 456 1868 [ῶς]
478 1781 580 1852 οὐδέν
599 1789 648 1853 ἐτι
666 1781 826 1870 βλάπτειν
845 1781 952 1870 αὐτὴν
971 1780 1071 1871 εἶχεν,
1090 1785 1143 1852 ἐπὶ

1 1953 4 1986 ,
128 1891 191 1980 τὴν
210 1894 436 1979 Καιρητανῶν
459 1889 560 1960 πόλιν
583 1881 643 1978 ἦγε
666 1889 728 1978 τὴν
751 1888 910 1978 δύναμιν,
933 1886 954 1977 ἢ
977 1889 1142 1977 πρότερον
1158 1913 1183 1954 15

1 2007 3 2015 ⁴
129 1999 191 2086 μέν
204 1997 354 2086 ’Ἀγυλλα
377 1999 524 2066 έκαλείτο
544 1998 732 2083 Πελασγῶν
755 1994 861 2084 αὐτὴν
883 1996 1144 2084 κατοικούντων,

128 2103 194 2175 ὑπὸ
225 2105 263 2174 δὲ
296 2113 484 2194 Ίυρρηνοίς
510 2104 676 2192 γενομένη
705 2107 860 2191 Καίρητα
886 2103 1143 2192 μετωνομάσθη,

75 2211 306 2300 564εάθαίμων
330 2209 362 2280 θ’
382 2203 427 2298 ἦν
446 2215 477 2279 εί
498 2216 558 2280 καί
571 2238 622 2291 τις
639 2209 724 2298 άλλη
742 2213 811 2279 τῶν
834 2211 872 2278 ἐν
894 2214 1067 2302 Τυρρηνία
1083 2211 1143 2279 πό-

129 2329 216 2389 λεων
239 2319 295 2388 καὶ
317 2317 602 2406 πολυάνθρωπος·
624 2319 658 2400 ἐξ
680 2308 721 2404 ἧς
740 2315 876 2404 στρατιά
894 2316 1022 2404 μεγάλη
1041 2323 1184 2404 pam-2

130 2428 256 2515 σομένη
278 2426 355 2515 περὶ
377 2429 436 2512 τῆς
458 2424 569 2514 γάρας
591 2426 712 2512 ἐξῆλθε
738 2425 794 2492 καὶ
817 2421 963 2504 πολλοὺς
985 2422 1047 2512 μέν
1072 2427 1143 2491 θια-
1158 2446 1184 2488 νο

130 2539 303 2622 φθείρασα
329 2535 398 2601 τῶν
425 2537 610 2619 πολεμίων,
632 2534 745 2624 πολλῷ
774 2528 805 2599 θ’
832 2536 880 2600 ἐτι
904 2538 966 2600 πλε
1001 2559 1041 2611 υς
1063 2528 1143 2600 άπο-

129 2644 281 2727 βαλοῶσα
303 2643 371 2708 τῶν
394 2639 577 2728 σφετέρων,
600 2642 648 2719 είς
669 2636 732 2725 τὴν
750 2637 851 2707 πόλιν
871 2639 952 2707 κατέ
999 2664 1045 2724 γε.
1085 2641 1144 2724 τῆς

129 2746 168 2814 δέ
204 2745 315 2834 χῶρας
351 2745 464 2815 αὐτῶν
507 2747 543 2813 ολ
571 2742 728 2832 Ῥωμαῖοι
765 2749 965 2834 κρατοῦντες
1002 2743 1144 2832 ῶφθονα

129 2852 239 2922 πάντα
275 2853 504 2942 παρεχομένης
540 2849 665 2939 συχνάς
702 2852 878 2938 διέτριψαν
914 2849 1056 2939 ἡμέρας,
1088 2852 1144 2918 καὶ

129 2957 244 3046 ἐπειδὴ
262 2957 378 3046 καιρὸς
395 2956 570 3046 ἀπάρσεως
587 2950 644 3046 ἦν,
663 2957 803 3044 άγοντες
821 2955 902 3038 ὅσας
919 2951 1039 3026 οἷοίτε
1055 2949 1142 3045 ἦσαν
1156 2986 1182 3027 τε

130 3061 293 3154 ῶφελείας
324 3063 475 3156 ἀπῄεσαν
507 3061 557 3133 ἐπ’
586 3073 691 3134 οἴκου.
750 3062 938 3151 Ταρκύνιος
971 3061 1003 3130 θ’
1029 3062 1183 3151 ἐπειθὴθ

130 3227 434 3366 ,θεοῖσίν
452 3226 474 3279 Β
491 3221 978 3377 τετελείωκεν,
1025 3225 1145 3382 ηε

129 3383 185 3422 om.
200 3367 223 3420 B
240 3369 244 3436 Ι
260 3363 351 3436 αάτὴν
366 3363 500 3441 βλάπτειν
519 3364 560 3422 ἔτι
579 3370 604 3420 A
669 3371 703 3422 16
717 3366 944 3434 καιριστανωνΒ
1008 3370 1042 3422 16
1061 3369 1144 3434 αγνλ·
1246 3415 1252 3428 ,

130 3434 181 3500 λάς
199 3438 252 3492 ΑΒ
317 3444 350 3492 17
369 3437 524 3507 καίριταΒ
589 3443 624 3494 20
641 3437 718 3508 περὶ]
738 3432 1051 3506 ὑπέρΒεοᾶΙετΤίτοο.
1067 3453 1093 3506 p.
1109 3442 1141 3491 31

129 3515 163 3564 21
183 3509 275 3583 πολλῶ
294 3506 327 3565 θλ
346 3509 501 3572 πλείουςΒ
573 3515 607 3566 25
627 3503 708 3580 ὅστις]
728 3501 804 3570 άςΒ
875 3513 910 3564 26
930 3503 1029 3578 ἐπειδὴ
1049 3506 1102 3562 AB
