2698 3982
4 3029 16 3080 λ

576 249 740 301 ..Α-
1146 251 1167 314 3

149 410 206 477 καὶ
229 413 343 495 πρῶτα
371 408 574 497 θεωρήματα
597 419 666 489 τοῖς
693 411 875 497 ἱστορικοῖς
902 406 1067 476 εἶναικαὶ
1091 415 1167 476 πολ-

150 514 215 602 λήν
252 515 478 602 ποιησάμενος
514 514 716 603 ἀμφοτέρων
753 517 942 602 ἐπιμέλειαν
976 511 1053 582 οὔτε
1085 539 1167 603 παρ·

150 630 266 690 ελθεῖν
280 621 340 690 τὸν
353 619 438 710 ὑπὲρ
453 617 565 690 αὐτῶν
579 621 684 708 λόγον
704 621 907 709 ἐβουλήθην,
923 620 1000 690 οὔτε
1019 623 1056 688 ἐν
1076 620 1166 746 ἀλλγι

4 766 34 849 ‚-
149 729 217 796 τινί
250 728 340 819 τόπῳ
373 733 597 816 καταχωρίσαι
629 724 806 815 μάλλον’“
786 755 807 814 η
837 733 882 820 τῷ
910 733 1075 820 προοιμίῳ
1107 731 1166 816 τῆς

148 840 381 923 πραγματείας.

238 944 279 1010 II.
307 941 376 1028 Τήν
398 931 525 1028 μὲν
486 967 549 1010 ουν
571 938 780 1010 ὑπόθεσιν”
760 968 812 1010 οτι
835 939 941 1029 καλήν
965 949 1086 1028 εἴληφα
1110 940 1166 1011 καὶ

149 1051 382 1135 μεγαλοπρεπῆ
406 1049 461 1116 καὶ
484 1056 622 1128 πολλοίς
644 1045 817 1135 άφέλιμον
845 1045 887 1116 οὐ
910 1052 1048 1136 μακρῶν
1073 1046 1165 1135 οἶμαι

114 1153 285 1242 οδεήσειν
315 1159 428 1240 λόγων
459 1162 530 1234 τοίς
558 1181 596 1240 γε
625 1153 667 1242 δή
701 1153 744 1242 μή
778 1154 990 1224 παντάπασιν
1022 1153 1166 1243 ἀπείρως

149 1265 263 1348 έχουσι
286 1264 344 1347 τής
366 1263 484 1347 κοινής
505 1265 660 1348 ἱστορίας.
703 1265 734 1329 εί
750 1260 816 1350 γάρ
839 1287 889 1342 τις
908 1261 1085 1348 ἐπιστήσας
1102 1262 1164 1348 τήν

149 1367 306 1436 διάνοιαν
330 1367 382 1434 ἐπὶ
405 1365 463 1446 τὰς
486 1369 761 1455 παραδεδομένας
787 1371 823 1436 ἐκ
850 1372 912 1437 τοῦ
934 1367 1165 1458 παρεληλυθό-
1179 1399 1206 1440 ιο

146 1500 204 1553 τος
230 1473 358 1561 χρόνου
385 1473 516 1542 πόλεσίν
543 1499 578 1542 τε
605 1474 661 1541 καλ
689 1475 804 1543 ἐθνῶν
830 1473 1026 1562 ήγεμονίας,
1055 1480 1164 1544 ἔπειτα

147 1580 249 1668 χωρὶς
281 1580 424 1666 ἑκάστην
458 1585 594 1650 σκοπεῖν
625 1582 681 1648 καὶ
713 1579 791 1670 παρ’
823 1579 968 1668 ἀλλήλας
1005 1581 1163 1664 ἐξετάζων

148 1690 335 1772 διαγνῶναι
358 1692 561 1774 βουληθείη,
588 1693 638 1766 τίς
665 1685 777 1756 αὐτῶν
805 1685 913 1775 ἀρχήν
942 1714 977 1756 τε
1005 1695 1164 1775 μεγίστην

148 1792 306 1880 ἐκτήσατο
330 1794 386 1860 καὶ
412 1793 549 1882 πράξεις
575 1791 769 1875 ἀπεδείξατο
798 1794 1030 1882 λαμπροτάτας
1059 1797 1095 1864 ἐν
1120 1798 1163 1862 εί-

148 1899 233 1988 ρήνη
257 1900 368 1968 τεκαὶ
391 1899 474 1968 κατά
496 1901 676 1987 πολέμους,
704 1904 819 1993 μακρῷ
851 1899 893 1986 δή
916 1927 983 1968 τινι
1006 1899 1068 1986 τήν
1085 1899 1161 1967 Ῥω·
1177 1930 1204 1970 ιε

148 2011 257 2092 μαίων
279 2004 464 2094 ήγεμονίαν
487 2004 617 2087 ἁπάσας
645 2005 942 2094 ὑπερβεβλημένην
967 2003 1083 2086 όιβεται
1106 2005 1164 2086 τάς

48 2143 50 2148 ’
146 2110 211 2200 πρό
235 2108 339 2199 αότής
360 2114 673 2202 μνημονευομένας,
702 2111 743 2182 οὐ
771 2112 881 2201 μόνον
903 2111 986 2180 κατά
1009 2111 1046 2180 τό
1071 2115 1163 2199 μέγε-

146 2227 212 2298 θος
232 2222 291 2305 τῆς
313 2217 416 2306 ἀρχῆς
438 2221 494 2288 καλ
522 2223 605 2287 κατὰ
628 2219 665 2289 τὸ
694 2219 818 2301 κάλλος
839 2223 908 2288 τάν
932 2217 1100 2306 πράξεων,
1124 2216 1163 2300 ἀς

148 2323 240 2392 οὔπω
263 2324 445 2413 κεκόσμηκε
473 2325 575 2412 λόγος
602 2324 713 2406 οὐδεὶς
736 2324 851 2412 ἀξίως,
883 2324 967 2394 ἀλλά
994 2326 1051 2393 καὶ
1078 2325 1162 2396 κατά

145 2428 184 2498 τὸ
208 2434 312 2518 μήτιος
333 2435 395 2500 τοῦ
419 2431 674 2522 περιειληφότος
700 2430 807 2519 αὐτήν
833 2431 961 2519 χρόνου
984 2434 1080 2522 μέχρι
1102 2437 1162 2519 τῆς
1176 2465 1203 2504 ιο

144 2538 225 2605 καθ’
246 2534 331 2624 ήμάς
349 2535 488 2625 ήλικίας.
528 2537 548 2626 ή
568 2539 630 2626 μέν
647 2537 712 2625 γάρ
729 2537 913 2626 Ἀσσυρίων
932 2535 1017 2626 ἀρχή
1037 2538 1161 2607 παλαιά
1181 2546 1202 2610 2

110 2664 195 2723 οτις
220 2635 305 2712 οὖσα
332 2645 388 2712 καλ
416 2650 464 2724 είς
490 2644 571 2725 τοὺς
600 2644 767 2732 μυθικοὺς
794 2643 985 2733 ἀναγομένη
1017 2645 1162 2733 χρόνους

146 2748 264 2836 ὀλίγου
287 2749 379 2831 τινὸς
401 2750 561 2838 ἐκράτησε
588 2756 648 2839 τής
667 2751 777 2833 Ἀσίας
801 2753 933 2839 μέρους.
979 2749 999 2838 ή
1025 2752 1062 2820 δέ
1086 2760 1158 2838 Μη-

145 2855 222 2942 ἀική
254 2860 447 2926 καθελοῦσα
484 2857 547 2944 τήν
577 2855 761 2946 Ἀσσυρίων
798 2861 854 2927 καὶ
891 2863 1026 2946 μείζονα
1060 2863 1160 2927 δυνα-

111 2967 259 3058 ιστείαυ
280 2966 525 3053 περιβαλομένη
549 2965 675 3054 χρόνον
698 2965 740 3034 οά
763 2964 872 3035 πολὺν
896 2967 1063 3052 κατέσχεν,
1087 2962 1156 3033 ἀλλ’
1174 2995 1200 3036 ιε

144 3070 198 3138 ἐπὶ
230 3072 288 3156 τής
320 3070 476 3158 τετάρτης
507 3071 676 3158 κατελύθη
707 3077 832 3223 γενεάς.
892 3073 1023 3156 Πέρσαι
1057 3070 1094 3138 δὲ
1127 3073 1162 3138 ολ

205 3300 449 3387 λκαταγωρήσαι
464 3299 512 3355 ΑΒ
577 3307 609 3355 12
628 3320 669 3355 πα
687 3298 845 3371 αλλήλαςΒ
902 3307 935 3355 14
955 3298 1067 3367 ἐπεδείξ
1069 3303 1159 3357 ατοΑ

144 3373 234 3436 19αξ
197 3371 334 3436 αξιοςΒε
397 3323 722 3460 210t24020v9lmv⁹13a
800 3378 834 3428 25
853 3302 1077 3443 περιβαλλομένη
1092 3374 1160 3428 ΑΒω

143 3441 352 3534 περιβαλομένη
366 3441 409 3496 Bb
425 3438 463 3512 λ’
446 3441 622 3512 αντέσγενο,
641 3443 783 3532 Kiessh'ng
801 3445 846 3497 Pr
866 3445 928 3498 Bas.
946 3461 974 3513 p,
994 3450 1009 3498 3
1072 3450 1106 3499 26
1126 3441 1158 3498 δὲ

144 3511 213 3568 οιΟ
251 3510 403 3568 ολάελοτὶι
422 3531 484 3568 cum
505 3512 630 3569 Suidas
649 3534 675 3570 v
693 3511 829 3584 Ἀσσοριοι
819 3513 990 3584 tKieasling

961 3603 997 3656 1*
