2698 3982
563 247 728 300 -A-
1113 248 1152 310 11

140 408 303 476 ἀπέκλινα
329 405 391 494 τῆν
419 410 663 495 πραγματείαν,
696 403 781 474 ἀλλά
815 409 874 494 τῆς
905 404 1068 493 ἀληθείας
1099 407 1155 476 καὶ

5 541 7 544 ·
139 519 201 584 τοῦ
225 517 358 582 δικαίου
380 511 644 601 προνοούμενος,
667 504 717 582 ών
736 516 789 582 δεῖ
807 512 1024 600 στοχάζεσθαι
1043 523 1155 584 πᾶσαν

142 626 310 710 όστορίαν,
333 623 466 706 πρώτον
489 620 551 708 μὲν
575 621 805 702 ἐπιδείξασθαι
827 617 889 706 τῆν
913 621 1060 707 ἐμαυτοῦ
1084 620 1156 688 διά-

141 755 250 813 νοιαν,
270 725 322 795 ότι
339 726 464 814 χρηστῆ
479 725 563 815 πρὸς
576 725 727 806 ἅπαντας
742 723 974 813 [ἀνθρώπους]
990 727 1059 795 ἐστί
1077 725 1157 807 τοῦς

139 833 293 922 ἀγαθούς
311 834 367 902 καὶ
385 832 619 920 φιλοθεώρους
636 837 704 901 τών
728 837 841 902 καλοῦν
861 837 969 922 ἐργων
987 833 1043 901 καὶ
1058 833 1181 920 μεγάι

138 950 220 1012 λων·
256 945 365 1009 ἔπειτα
393 946 629 1028 χαριστηρίους
656 937 815 1027 ἀμοιβάς,
843 935 884 1019 ῦς
911 940 984 1026 ἐμοὶ
1013 939 1157 1028 δύναμις

81 1064 119 1114 20
138 1040 198 1136 ῆν,
222 1045 411 1116 ἀποδοῦναι
438 1051 478 1136 τῆ
501 1046 612 1132 πόλει,
645 1051 798 1127 παιδείας
820 1073 855 1115 τε
878 1047 1076 1138 μεμνημένῳ
1099 1048 1156 1116 καί

138 1159 207 1225 τών
231 1151 344 1222 ἄλλων
362 1151 505 1240 άγαθών
520 1151 611 1222 ὅσων
631 1151 803 1222 άπέλαυσα
818 1157 995 1239 διατρίψας
1009 1155 1046 1223 ἐν
1061 1152 1156 1243 αύτῆ.

227 1262 303 1328 VII.
332 1257 568 1340 Ἀποδεδωιιώς
591 1259 628 1330 δέ
655 1258 716 1328 τδν
744 1256 828 1349 ὑπὲρ
851 1263 910 1347 τῆς
931 1261 1156 1350 προαιρέσεως

138 1369 243 1454 λόγον
266 1371 313 1434 ἔτι
336 1368 501 1453 βούλομαι
523 1367 580 1434 καὶ
598 1366 673 1455 περὶ
691 1369 759 1434 τών
783 1363 948 1454 ἀφορμῶν
967 1371 1083 1454 είπείν,
1102 1362 1155 1448 αἷς
1170 1393 1196 1433 10

140 1473 332 1564 ἐχρησάμην
355 1471 402 1540 ὅτ’
425 1478 564 1560 ἔμελλον
584 1473 761 1560 ἐπιχειρεῖν
780 1477 820 1562 τῆ
839 1477 967 1562 γραφῆ·
991 1483 1071 1554 ίσοις
1090 1472 1154 1562 γάρ

140 1586 174 1650 οί
195 1579 489 1666 προανεγνωκότες
505 1577 711 1666 Ἱερώνυμον
731 1575 751 1667 ῆ
776 1585 918 1666 Τίμαιον
942 1575 1155 1666 ῆΠολύβιον

6 1767 8 1771 ,
138 1683 160 1775 ἢ
183 1692 251 1756 τών
274 1684 386 1756 ἄλλων
409 1684 486 1754 τινά
509 1687 743 1774 συγγραφέων,
766 1684 850 1774 ὑπὲρ
875 1676 924 1756 ών
948 1686 1156 1775 ἐποιησάμην

139 1794 243 1880 λόγον
266 1791 369 1884 ὀλίγῳ
389 1795 553 1882 πρότερον
575 1790 620 1873 ὡς
639 1793 904 1879 ἐπισεσυρκότων
927 1792 989 1880 τῆν
1007 1793 1153 1880 γραφήν,

5 1975 6 1992 ἰ
137 1898 245 1970 πολλὰ
266 1903 334 1968 τών
357 1897 414 1967 ὑπ’
440 1901 523 1987 ἐμοῦ
546 1899 771 1986 γραφομένων
797 1898 859 1986 ούχ
881 1897 1061 1986 εὑρηκότες
1078 1897 1152 1988 παρ’
1170 1926 1195 1966 15

138 2009 279 2086 ἐκείνοις
324 2012 460 2094 κείμενα
506 2005 690 2094 σχεδιάζειν
736 2005 971 2093 υπολήψονταί
1013 2033 1054 2092 με
1099 2007 1155 2074 καὶ

139 2113 250 2183 πόθεν
272 2111 294 2199 ῆ
317 2112 447 2182 τούτων
466 2117 591 2199 γνῶσις
608 2117 656 2192 είς
674 2112 730 2200 ἐμὲ
749 2113 978 2199 παραγέγονεν
997 2109 1156 2194 ἀξιώσου·

140 2243 174 2290 σι
204 2229 338 2308 μαθεῖν.
388 2223 444 2288 ἵνα
472 2218 514 2306 δῆ
544 2217 589 2306 μῆ
624 2218 762 2306 τοιαύτη
796 2217 878 2300 δόξα
905 2223 1057 2308 παραστῇ
1087 2237 1155 2287 τισι

138 2329 215 2416 περί
243 2329 342 2412 ἐμοῦ,
369 2328 503 2412 βέλτιον
530 2322 590 2411 ἀφ’
617 2316 666 2394 ὧν
695 2321 861 2414 ὡρμήθην
889 2325 1002 2412 λόγων
1033 2351 1069 2394 τε
1100 2325 1155 2393 καί

137 2431 448 2520 ὑπομνηματισμῶν
489 2446 669 2517 προειπεῖν.
733 2431 798 2518 ἐγώ
839 2431 1068 2512 καταπλεύσας
1108 2435 1156 2512 είς

136 2539 281 2609 Ἰταλίαν
304 2537 372 2626 ἅμα
394 2542 440 2631 τῷ
462 2542 696 2626 καταλυθῆναι
724 2539 786 2608 τὸν
814 2537 979 2625 ἐμφύλιον
1006 2537 1155 2626 πόλεμον

83 2665 119 2716 21
139 2644 205 2715 ῦπδ
234 2650 296 2714 τοῦ
323 2649 500 2731 Σεβαστοῦ
530 2650 701 2731 Καίσαρος
733 2643 877 2733 ἑβδόμης
908 2645 963 2712 καὶ
995 2642 1155 2731 ὀγδοηκο-

139 2756 219 2839 στῆς
241 2751 297 2818 καὶ
321 2751 496 2838 ἑκατοστῆς
519 2749 729 2838 ὀλυμπιάδος
752 2753 932 2838 μεσούσης,
955 2751 1012 2819 καλ
1035 2749 1097 2818 τὸν
1122 2751 1155 2831 ἐξ

139 2861 272 2928 ἐκείνου
295 2857 422 2945 χρόνον
450 2859 534 2926 ἐτῦυ
561 2856 625 2926 δύο
652 2858 708 2925 καὶ
736 2866 841 2926 είκοσι
869 2859 965 2944 μέχρι
988 2861 1049 2926 τοῦ
1073 2880 1155 2942 παρ-

139 2965 237 3044 όντος
259 2962 443 3050 γενόμενον
462 2965 498 3031 ἐν
512 2961 620 3053 Ῥώμη
641 2967 827 3049 διατρίψας,
847 2961 1021 3032 διάλεκτόν
1039 2989 1074 3031 τε
1092 2959 1154 3048 τῆν
1169 2979 1195 3020 ²⁵

1169 2494 1196 2536 20

5 3057 7 3073 ³
135 3067 323 3158 Ῥωμαϊκὴν
346 3067 503 3156 ἐκμαθών
526 3070 582 3137 καὶ
604 3069 809 3157 γραμμάτων
836 3071 946 3156 <τῦν>
969 3071 1156 3157 ἐπιχωρίων

212 3237 228 3290 3
248 3225 460 3296 ἀποδείξασθαι
479 3247 501 3284 ο.
517 3228 628 3284 Εἰλεολύ
676 3235 694 3283 4
708 3224 881 3299 ἀνθρώπους
895 3246 948 3284 om.
963 3229 985 3282 Β
1045 3233 1061 3282 5
1076 3231 1154 3296 φιλο-

139 3303 251 3371 θέωρος
268 3301 302 3368 Α,
321 3301 424 3355 Reiske
507 3306 522 3354 6
542 3295 587 3372 ἃς]
608 3297 645 3364 ὦς
662 3302 709 3356 vel
728 3296 781 3370 ὅση
801 3300 923 3388 ΒγΙυαες
1000 3305 1014 3354 7
1035 3297 1156 3368 δύναμις

140 3369 354 3428 άντοποδοῦναι
373 3372 517 3428 ammom
533 3375 537 3440 Ι
553 3391 582 3428 τε
598 3371 685 3426 om.B
740 3367 978 3441 8ἀπηλαυσαΒ1ι
1034 3376 1068 3424 14
1086 3366 1156 3424 ῦπο-

140 3439 319 3511 σεσυρκότων
338 3446 363 3497 A
379 3444 383 3512 1
400 3443 445 3512 τῆι
463 3445 573 3532 γραφῆι
593 3443 637 3497 Ba
693 3448 726 3498 18
745 3438 780 3510 δὴ
800 3443 896 3498 om.B
950 3447 985 3496 20
1004 3439 1154 3512 είπείνΒΙ
1259 3492 1262 3497 .

141 3515 181 3578 είς
200 3533 254 3570 om.
266 3517 291 3568 A
345 3520 380 3569 23
395 3515 443 3569 nai
463 3514 699 3583 ειυῒεεκατοστῆς
714 3515 801 3568 om.B
856 3519 890 3568 26
904 3514 960 3567 τῶν
974 3513 1038 3568 add.
1054 3512 1156 3567 Reiske
