<?xml version="1.0" encoding="UTF-8"?>
<!DOCTYPE html PUBLIC "-//W3C//DTD XHTML 1.0 Transitional//EN"
    "http://www.w3.org/TR/xhtml1/DTD/xhtml1-transitional.dtd">
<html xmlns="http://www.w3.org/1999/xhtml" xml:lang="en" lang="en">
 <head>
  <title>
</title>
<meta http-equiv="Content-Type" content="text/html;charset=utf-8" />
  <meta name='ocr-system' content='tesseract 3.04.00' />
  <meta name='ocr-capabilities' content='ocr_page ocr_carea ocr_par ocr_line ocrx_word'/>
</head>
<body>
  <div class='ocr_page' id='page_1' title='image "./dionysihalicarn05diongoog_0193.png"; bbox 0 0 2670 3984; ppageno 0'>
   <div class='ocr_carea' id='block_1_1' title="bbox 578 235 741 290">
    <p class='ocr_par' dir='ltr' id='par_1_1' title="bbox 578 235 741 290">
     <span class='ocr_line' id='line_1_1' title="bbox 578 235 741 290; baseline 0 -16"><span class='ocrx_word' id='word_1_1' title='bbox 578 235 741 290; x_wconf 70' lang='lat' dir='ltr'><strong><em>„B-</em></strong></span> 
     </span>
    </p>
   </div>
   <div class='ocr_carea' id='block_1_2' title="bbox 70 390 1334 2828">
    <p class='ocr_par' dir='ltr' id='par_1_2' title="bbox 70 390 1334 2828">
     <span class='ocr_line' id='line_1_2' title="bbox 153 390 1167 483; baseline -0.005 -17"><span class='ocrx_word' id='word_1_2' title='bbox 153 423 214 466; x_wconf 87' lang='grc' dir='ltr'><strong><em>τον</em></strong></span> <span class='ocrx_word' id='word_1_3' title='bbox 242 395 320 483; x_wconf 70' lang='grc' dir='ltr'><strong><em>μὲν,</em></strong></span> <span class='ocrx_word' id='word_1_4' title='bbox 353 393 405 464; x_wconf 82' lang='grc' dir='ltr'><strong><em>ὅτι</em></strong></span> <span class='ocrx_word' id='word_1_5' title='bbox 432 401 570 474; x_wconf 78' lang='grc' dir='ltr'><strong><em>πολλοῖς</em></strong></span> <span class='ocrx_word' id='word_1_6' title='bbox 602 391 755 480; x_wconf 83' lang='grc' dir='ltr'><strong><em>σάμασιν</em></strong></span> <span class='ocrx_word' id='word_1_7' title='bbox 787 390 938 462; x_wconf 86' lang='grc' dir='ltr'><strong><em>ἀπέδωκε</em></strong></span> <span class='ocrx_word' id='word_1_8' title='bbox 964 391 1167 479; x_wconf 77' lang='grc' dir='ltr'><strong><em>θεραπεύειν</em></strong></span> 
     </span>
     <span class='ocr_line' id='line_1_3' title="bbox 153 497 1169 592; baseline -0.003 -21"><span class='ocrx_word' id='word_1_9' title='bbox 153 501 193 572; x_wconf 86' lang='grc' dir='ltr'><strong><em>τὸ</em></strong></span> <span class='ocrx_word' id='word_1_10' title='bbox 212 501 403 589; x_wconf 89' lang='grc' dir='ltr'><strong><em>δαιμόνιον.</em></strong></span> <span class='ocrx_word' id='word_1_11' title='bbox 425 502 463 569; x_wconf 86' lang='grc' dir='ltr'><strong><em>έν</em></strong></span> <span class='ocrx_word' id='word_1_12' title='bbox 481 503 568 587; x_wconf 83' lang='grc' dir='ltr'><strong><em>γοῦν</em></strong></span> <span class='ocrx_word' id='word_1_13' title='bbox 586 497 670 589; x_wconf 84' lang='grc' dir='ltr'><strong><em>άλλη</em></strong></span> <span class='ocrx_word' id='word_1_14' title='bbox 684 498 781 569; x_wconf 89' lang='grc' dir='ltr'><strong><em>πόλει</em></strong></span> <span class='ocrx_word' id='word_1_15' title='bbox 794 504 972 592; x_wconf 76' lang='grc' dir='ltr'><strong><em>νεοκτίστῳ</em></strong></span> <span class='ocrx_word' id='word_1_16' title='bbox 986 498 1169 579; x_wconf 80' lang='grc' dir='ltr'><strong><em>τοσούτους</em></strong></span> 
     </span>
     <span class='ocr_line' id='line_1_4' title="bbox 156 603 1169 697; baseline -0.004 -20"><span class='ocrx_word' id='word_1_17' title='bbox 156 611 255 697; x_wconf 75' lang='grc' dir='ltr'><strong><em>ἱερεῖς</em></strong></span> <span class='ocrx_word' id='word_1_18' title='bbox 276 634 312 676; x_wconf 87' lang='grc' dir='ltr'><strong><em>τε</em></strong></span> <span class='ocrx_word' id='word_1_19' title='bbox 338 607 394 675; x_wconf 86' lang='grc' dir='ltr'><strong><em>καὶ</em></strong></span> <span class='ocrx_word' id='word_1_20' title='bbox 421 604 631 694; x_wconf 81' lang='grc' dir='ltr'><strong><em>θεραπευτάς</em></strong></span> <span class='ocrx_word' id='word_1_21' title='bbox 657 609 751 675; x_wconf 75' lang='grc' dir='ltr'><strong><em>θεῶν</em></strong></span> <span class='ocrx_word' id='word_1_22' title='bbox 774 603 878 686; x_wconf 81' lang='grc' dir='ltr'><strong><em>εὐθύς</em></strong></span> <span class='ocrx_word' id='word_1_23' title='bbox 905 603 1169 694; x_wconf 78' lang='grc' dir='ltr'><strong><em>ἀποδειχθέντας</em></strong></span> 
     </span>
     <span class='ocr_line' id='line_1_5' title="bbox 116 709 1169 802; baseline -0.003 -17"><span class='ocrx_word' id='word_1_24' title='bbox 116 715 269 795; x_wconf 72' lang='grc' dir='ltr'><strong><em>Βούδεὶς</em></strong></span> <span class='ocrx_word' id='word_1_25' title='bbox 291 709 335 782; x_wconf 85' lang='grc' dir='ltr'><strong><em>ἀν</em></strong></span> <span class='ocrx_word' id='word_1_26' title='bbox 363 717 469 783; x_wconf 80' lang='grc' dir='ltr'><strong><em>εἰπεῖν</em></strong></span> <span class='ocrx_word' id='word_1_27' title='bbox 497 719 575 800; x_wconf 80' lang='grc' dir='ltr'><strong><em>ἔχοι.</em></strong></span> <span class='ocrx_word' id='word_1_28' title='bbox 621 715 723 802; x_wconf 79' lang='grc' dir='ltr'><strong><em>χωρὶς</em></strong></span> <span class='ocrx_word' id='word_1_29' title='bbox 748 711 813 800; x_wconf 89' lang='grc' dir='ltr'><strong><em>γάρ</em></strong></span> <span class='ocrx_word' id='word_1_30' title='bbox 840 715 909 782; x_wconf 77' lang='grc' dir='ltr'><strong><em>τῶν</em></strong></span> <span class='ocrx_word' id='word_1_31' title='bbox 936 713 1083 800; x_wconf 75' lang='grc' dir='ltr'><strong><em>ἐχόντων</em></strong></span> <span class='ocrx_word' id='word_1_32' title='bbox 1111 712 1169 795; x_wconf 87' lang='grc' dir='ltr'><strong><em>τάς</em></strong></span> 
     </span>
     <span class='ocr_line' id='line_1_6' title="bbox 115 818 1169 909; baseline -0.006 -15"><span class='ocrx_word' id='word_1_33' title='bbox 115 851 128 894; x_wconf 85' lang='grc' dir='ltr'><strong><em>ε</em></strong></span> <span class='ocrx_word' id='word_1_34' title='bbox 156 819 354 909; x_wconf 77' lang='grc' dir='ltr'><strong><em>συγγενικὰς</em></strong></span> <span class='ocrx_word' id='word_1_35' title='bbox 374 819 559 908; x_wconf 78' lang='grc' dir='ltr'><strong><em>ἱερωσύνας</em></strong></span> <span class='ocrx_word' id='word_1_36' title='bbox 574 823 609 889; x_wconf 91' lang='grc' dir='ltr'><strong><em>οἱ</em></strong></span> <span class='ocrx_word' id='word_1_37' title='bbox 624 818 665 889; x_wconf 89' lang='grc' dir='ltr'><strong><em>τά</em></strong></span> <span class='ocrx_word' id='word_1_38' title='bbox 681 819 780 889; x_wconf 83' lang='grc' dir='ltr'><strong><em>κοινά</em></strong></span> <span class='ocrx_word' id='word_1_39' title='bbox 793 820 868 908; x_wconf 82' lang='grc' dir='ltr'><strong><em>περὶ</em></strong></span> <span class='ocrx_word' id='word_1_40' title='bbox 882 823 941 907; x_wconf 77' lang='grc' dir='ltr'><strong><em>τῆς</em></strong></span> <span class='ocrx_word' id='word_1_41' title='bbox 954 821 1082 901; x_wconf 90' lang='grc' dir='ltr'><strong><em>πόλεως</em></strong></span> <span class='ocrx_word' id='word_1_42' title='bbox 1096 818 1169 908; x_wconf 87' lang='grc' dir='ltr'><strong><em>ἱερά</em></strong></span> 
     </span>
     <span class='ocr_line' id='line_1_7' title="bbox 156 925 1169 1018; baseline -0.004 -20"><span class='ocrx_word' id='word_1_43' title='bbox 156 933 397 1007; x_wconf 81' lang='grc' dir='ltr'><strong><em>συντελοῦντες</em></strong></span> <span class='ocrx_word' id='word_1_44' title='bbox 423 925 506 1018; x_wconf 85' lang='grc' dir='ltr'><strong><em>κατά</em></strong></span> <span class='ocrx_word' id='word_1_45' title='bbox 533 925 649 1014; x_wconf 89' lang='grc' dir='ltr'><strong><em>φυλάς</em></strong></span> <span class='ocrx_word' id='word_1_46' title='bbox 679 953 714 995; x_wconf 92' lang='grc' dir='ltr'><strong><em>τε</em></strong></span> <span class='ocrx_word' id='word_1_47' title='bbox 745 927 801 994; x_wconf 79' lang='grc' dir='ltr'><strong><em>καὶ</em></strong></span> <span class='ocrx_word' id='word_1_48' title='bbox 829 925 980 1015; x_wconf 79' lang='grc' dir='ltr'><strong><em>φράτρας</em></strong></span> <span class='ocrx_word' id='word_1_49' title='bbox 1010 926 1169 1014; x_wconf 79' lang='grc' dir='ltr'><strong><em>ἑξήκοντα</em></strong></span> 
     </span>
     <span class='ocr_line' id='line_1_8' title="bbox 155 1028 1168 1122; baseline -0.003 -18"><span class='ocrx_word' id='word_1_50' title='bbox 155 1034 410 1120; x_wconf 73' lang='grc' dir='ltr'><strong><em>κατεστάθησαν</em></strong></span> <span class='ocrx_word' id='word_1_51' title='bbox 434 1032 487 1101; x_wconf 77' lang='grc' dir='ltr'><strong><em>ἐπὶ</em></strong></span> <span class='ocrx_word' id='word_1_52' title='bbox 509 1036 567 1120; x_wconf 76' lang='grc' dir='ltr'><strong><em>τῆς</em></strong></span> <span class='ocrx_word' id='word_1_53' title='bbox 590 1035 729 1122; x_wconf 39' lang='grc' dir='ltr'><strong><em>ἐκείνου,</em></strong></span> <span class='ocrx_word' id='word_1_54' title='bbox 744 1031 860 1121; x_wconf 80' lang='grc' dir='ltr'><strong><em>ἀρχῆς·</em></strong></span> <span class='ocrx_word' id='word_1_55' title='bbox 892 1033 978 1119; x_wconf 85' lang='grc' dir='ltr'><strong><em>λέγω</em></strong></span> <span class='ocrx_word' id='word_1_56' title='bbox 1001 1028 1084 1101; x_wconf 76' lang='grc' dir='ltr'><strong><em>δὲά</em></strong></span> <span class='ocrx_word' id='word_1_57' title='bbox 1112 1039 1168 1102; x_wconf 91' lang='grc' dir='ltr'><strong><em>Τε-</em></strong></span> 
     </span>
     <span class='ocr_line' id='line_1_9' title="bbox 157 1137 1169 1270; baseline -0.002 -60"><span class='ocrx_word' id='word_1_58' title='bbox 157 1143 286 1230; x_wconf 83' lang='grc' dir='ltr'><strong><em>ρέντιος</em></strong></span> <span class='ocrx_word' id='word_1_59' title='bbox 320 1138 486 1228; x_wconf 80' lang='grc' dir='ltr'><strong><em>Οὐάρρων</em></strong></span> <span class='ocrx_word' id='word_1_60' title='bbox 517 1142 555 1208; x_wconf 84' lang='grc' dir='ltr'><strong><em>έν</em></strong></span> <span class='ocrx_word' id='word_1_61' title='bbox 587 1137 838 1270; x_wconf 73' lang='grc' dir='ltr'><strong><em>ἀρχαιολογίαις</em></strong></span> <span class='ocrx_word' id='word_1_62' title='bbox 864 1141 1052 1228; x_wconf 82' lang='grc' dir='ltr'><strong><em>γέγραφεν,</em></strong></span> <span class='ocrx_word' id='word_1_63' title='bbox 1082 1137 1169 1228; x_wconf 83' lang='grc' dir='ltr'><strong><em>ἀνὴρ</em></strong></span> 
     </span>
     <span class='ocr_line' id='line_1_10' title="bbox 156 1243 1170 1334; baseline -0.001 -19"><span class='ocrx_word' id='word_1_64' title='bbox 156 1272 225 1316; x_wconf 93' lang='grc' dir='ltr'><strong><em>των</em></strong></span> <span class='ocrx_word' id='word_1_65' title='bbox 247 1245 330 1315; x_wconf 83' lang='grc' dir='ltr'><strong><em>κατὰ</em></strong></span> <span class='ocrx_word' id='word_1_66' title='bbox 353 1244 414 1334; x_wconf 79' lang='grc' dir='ltr'><strong><em>τὴν</em></strong></span> <span class='ocrx_word' id='word_1_67' title='bbox 438 1244 543 1333; x_wconf 73' lang='grc' dir='ltr'><strong><em>αὐτὴν</em></strong></span> <span class='ocrx_word' id='word_1_68' title='bbox 567 1243 700 1333; x_wconf 82' lang='grc' dir='ltr'><strong><em>ἡλικίαν</em></strong></span> <span class='ocrx_word' id='word_1_69' title='bbox 724 1243 947 1333; x_wconf 86' lang='grc' dir='ltr'><strong><em>ἀκμασάντων</em></strong></span> <span class='ocrx_word' id='word_1_70' title='bbox 969 1247 1170 1333; x_wconf 85' lang='grc' dir='ltr'><strong><em>πολυπειρό-</em></strong></span> 
     </span>
     <span class='ocr_line' id='line_1_11' title="bbox 117 1351 1170 1458; baseline -0.002 -35.922"><span class='ocrx_word' id='word_1_71' title='bbox 117 1379 262 1458; x_wconf 88' lang='grc' dir='ltr'><strong><em>10τατος.</em></strong></span> <span class='ocrx_word' id='word_1_72' title='bbox 303 1351 463 1440; x_wconf 74' lang='grc' dir='ltr'><strong><em>έπειτα,“</em></strong></span> <span class='ocrx_word' id='word_1_73' title='bbox 443 1380 496 1422; x_wconf 90' lang='grc' dir='ltr'><strong><em>οτι</em></strong></span> <span class='ocrx_word' id='word_1_74' title='bbox 513 1357 582 1422; x_wconf 77' lang='grc' dir='ltr'><strong><em>τῶν</em></strong></span> <span class='ocrx_word' id='word_1_75' title='bbox 601 1351 715 1421; x_wconf 86' lang='grc' dir='ltr'><strong><em>ἀλλων</em></strong></span> <span class='ocrx_word' id='word_1_76' title='bbox 737 1352 876 1439; x_wconf 84' lang='grc' dir='ltr'><strong><em>φαύλως</em></strong></span> <span class='ocrx_word' id='word_1_77' title='bbox 895 1377 966 1433; x_wconf 88' lang='grc' dir='ltr'><strong><em>πως</em></strong></span> <span class='ocrx_word' id='word_1_78' title='bbox 982 1351 1076 1422; x_wconf 85' lang='grc' dir='ltr'><strong><em>καλ’</em></strong></span> <span class='ocrx_word' id='word_1_79' title='bbox 1057 1377 1170 1440; x_wconf 89' lang='grc' dir='ltr'><strong><em>απερι-</em></strong></span> 
     </span>
     <span class='ocr_line' id='line_1_12' title="bbox 117 1417 1171 1548; baseline -0.002 -19.919"><span class='ocrx_word' id='word_1_80' title='bbox 117 1417 354 1540; x_wconf 60' lang='grc' dir='ltr'><strong><em>Ιοεσκέπτως</em></strong></span> <span class='ocrx_word' id='word_1_81' title='bbox 331 1488 376 1542; x_wconf 89' lang='grc' dir='ltr'><strong><em>ως</em></strong></span> <span class='ocrx_word' id='word_1_82' title='bbox 403 1461 456 1528; x_wconf 72' lang='grc' dir='ltr'><strong><em>ἐπὶ</em></strong></span> <span class='ocrx_word' id='word_1_83' title='bbox 481 1459 562 1548; x_wconf 80' lang='grc' dir='ltr'><strong><em>(τὸ)</em></strong></span> <span class='ocrx_word' id='word_1_84' title='bbox 585 1457 672 1528; x_wconf 85' lang='grc' dir='ltr'><strong><em>πολύ</em></strong></span> <span class='ocrx_word' id='word_1_85' title='bbox 698 1460 914 1546; x_wconf 80' lang='grc' dir='ltr'><strong><em>ποιουμένων</em></strong></span> <span class='ocrx_word' id='word_1_86' title='bbox 941 1457 1000 1540; x_wconf 81' lang='grc' dir='ltr'><strong><em>τὰς</em></strong></span> <span class='ocrx_word' id='word_1_87' title='bbox 1026 1460 1171 1547; x_wconf 76' lang='grc' dir='ltr'><strong><em>αἱρέσεις</em></strong></span> 
     </span>
     <span class='ocr_line' id='line_1_13' title="bbox 157 1563 1171 1655; baseline -0.003 -20"><span class='ocrx_word' id='word_1_88' title='bbox 157 1571 226 1635; x_wconf 79' lang='grc' dir='ltr'><strong><em>τῶν</em></strong></span> <span class='ocrx_word' id='word_1_89' title='bbox 249 1567 521 1655; x_wconf 78' lang='grc' dir='ltr'><strong><em>ἐπιστησομένων</em></strong></span> <span class='ocrx_word' id='word_1_90' title='bbox 543 1579 614 1646; x_wconf 82' lang='grc' dir='ltr'><strong><em>τοϊς</em></strong></span> <span class='ocrx_word' id='word_1_91' title='bbox 633 1568 735 1654; x_wconf 74' lang='grc' dir='ltr'><strong><em>ἱεροῖς</em></strong></span> <span class='ocrx_word' id='word_1_92' title='bbox 756 1565 813 1634; x_wconf 87' lang='grc' dir='ltr'><strong><em>καὶ</em></strong></span> <span class='ocrx_word' id='word_1_93' title='bbox 833 1568 902 1635; x_wconf 78' lang='grc' dir='ltr'><strong><em>τῶν</em></strong></span> <span class='ocrx_word' id='word_1_94' title='bbox 920 1565 982 1652; x_wconf 69' lang='grc' dir='ltr'><strong><em>μὲν</em></strong></span> <span class='ocrx_word' id='word_1_95' title='bbox 1004 1563 1171 1652; x_wconf 84' lang='grc' dir='ltr'><strong><em>ἀργυρίου</em></strong></span> 
     </span>
     <span class='ocr_line' id='line_1_14' title="bbox 157 1670 1170 1762; baseline -0.004 -20"><span class='ocrx_word' id='word_1_96' title='bbox 157 1671 195 1742; x_wconf 87' lang='grc' dir='ltr'><strong><em>τὸ</em></strong></span> <span class='ocrx_word' id='word_1_97' title='bbox 227 1677 339 1761; x_wconf 88' lang='grc' dir='ltr'><strong><em>τίμιον</em></strong></span> <span class='ocrx_word' id='word_1_98' title='bbox 371 1671 558 1755; x_wconf 81' lang='grc' dir='ltr'><strong><em>ἀξιούντων</em></strong></span> <span class='ocrx_word' id='word_1_99' title='bbox 594 1670 852 1760; x_wconf 85' lang='grc' dir='ltr'><strong><em>ἀποκηρύττειν,</em></strong></span> <span class='ocrx_word' id='word_1_100' title='bbox 888 1675 957 1741; x_wconf 81' lang='grc' dir='ltr'><strong><em>τῶν</em></strong></span> <span class='ocrx_word' id='word_1_101' title='bbox 990 1671 1029 1740; x_wconf 68' lang='grc' dir='ltr'><strong><em>δέ</em></strong></span> <span class='ocrx_word' id='word_1_102' title='bbox 1058 1670 1170 1762; x_wconf 75' lang='grc' dir='ltr'><strong><em>κλήρῳ</em></strong></span> 
     </span>
     <span class='ocr_line' id='line_1_15' title="bbox 159 1777 1171 1868; baseline -0.003 -21"><span class='ocrx_word' id='word_1_103' title='bbox 159 1779 401 1866; x_wconf 78' lang='grc' dir='ltr'><strong><em>διαιρούντων,</em></strong></span> <span class='ocrx_word' id='word_1_104' title='bbox 430 1781 557 1860; x_wconf 71' lang='grc' dir='ltr'><strong><em>ἐκεῖνος</em></strong></span> <span class='ocrx_word' id='word_1_105' title='bbox 580 1777 658 1850; x_wconf 80' lang='grc' dir='ltr'><strong><em>ούτε</em></strong></span> <span class='ocrx_word' id='word_1_106' title='bbox 681 1778 812 1867; x_wconf 83' lang='grc' dir='ltr'><strong><em>ἀνητάς</em></strong></span> <span class='ocrx_word' id='word_1_107' title='bbox 834 1778 1013 1868; x_wconf 88' lang='grc' dir='ltr'><strong><em>χρημάτων</em></strong></span> <span class='ocrx_word' id='word_1_108' title='bbox 1036 1779 1171 1863; x_wconf 79' lang='grc' dir='ltr'><strong><em>ἐποίησε</em></strong></span> 
     </span>
     <span class='ocr_line' id='line_1_16' title="bbox 119 1884 1334 1978; baseline -0.001 -23"><span class='ocrx_word' id='word_1_109' title='bbox 119 1914 144 1956; x_wconf 81' lang='grc' dir='ltr'><strong><em>ιε</em></strong></span> <span class='ocrx_word' id='word_1_110' title='bbox 157 1884 216 1966; x_wconf 88' lang='grc' dir='ltr'><strong><em>τάς</em></strong></span> <span class='ocrx_word' id='word_1_111' title='bbox 238 1887 428 1974; x_wconf 89' lang='grc' dir='ltr'><strong><em>ἱερωσύνας</em></strong></span> <span class='ocrx_word' id='word_1_112' title='bbox 447 1885 524 1956; x_wconf 87' lang='grc' dir='ltr'><strong><em>ούτε</em></strong></span> <span class='ocrx_word' id='word_1_113' title='bbox 546 1886 659 1978; x_wconf 77' lang='grc' dir='ltr'><strong><em>κλήρῳ</em></strong></span> <span class='ocrx_word' id='word_1_114' title='bbox 683 1886 853 1975; x_wconf 86' lang='grc' dir='ltr'><strong><em>μεριστάς,</em></strong></span> <span class='ocrx_word' id='word_1_115' title='bbox 876 1884 950 1955; x_wconf 91' lang='grc' dir='ltr'><strong><em>ἀλλ’</em></strong></span> <span class='ocrx_word' id='word_1_116' title='bbox 972 1886 1006 1966; x_wconf 80' lang='grc' dir='ltr'><strong><em>ἐξ</em></strong></span> <span class='ocrx_word' id='word_1_117' title='bbox 1029 1884 1226 1970; x_wconf 72' lang='grc' dir='ltr'><strong><em>ἕκάστηςετν</em></strong></span> <span class='ocrx_word' id='word_1_118' title='bbox 1332 1943 1334 1962; x_wconf 28' lang='lat' dir='ltr'><em>A</em></span> 
     </span>
     <span class='ocr_line' id='line_1_17' title="bbox 158 1989 1171 2080; baseline 0.001 -21"><span class='ocrx_word' id='word_1_119' title='bbox 158 1991 309 2080; x_wconf 89' lang='grc' dir='ltr'><strong><em>φράτρας</em></strong></span> <span class='ocrx_word' id='word_1_120' title='bbox 332 1995 579 2080; x_wconf 77' lang='grc' dir='ltr'><strong><em>ἐνομοθέτησεν</em></strong></span> <span class='ocrx_word' id='word_1_121' title='bbox 602 1989 870 2060; x_wconf 82' lang='grc' dir='ltr'><strong><em>ἀποδείκνυσθαι</em></strong></span> <span class='ocrx_word' id='word_1_122' title='bbox 894 1992 956 2060; x_wconf 88' lang='grc' dir='ltr'><strong><em>δύο</em></strong></span> <span class='ocrx_word' id='word_1_123' title='bbox 986 1989 1066 2072; x_wconf 83' lang='grc' dir='ltr'><strong><em>τούς</em></strong></span> <span class='ocrx_word' id='word_1_124' title='bbox 1087 1989 1171 2076; x_wconf 72' lang='grc' dir='ltr'><strong><em>ὑπὲρ</em></strong></span> 
     </span>
     <span class='ocr_line' id='line_1_18' title="bbox 158 2095 1172 2187; baseline 0 -21"><span class='ocrx_word' id='word_1_125' title='bbox 158 2099 366 2187; x_wconf 81' lang='grc' dir='ltr'><strong><em>πεντήκοντα</em></strong></span> <span class='ocrx_word' id='word_1_126' title='bbox 390 2104 445 2186; x_wconf 79' lang='grc' dir='ltr'><strong><em>ἔτη</em></strong></span> <span class='ocrx_word' id='word_1_127' title='bbox 475 2098 657 2186; x_wconf 89' lang='grc' dir='ltr'><strong><em>γεγονότας</em></strong></span> <span class='ocrx_word' id='word_1_128' title='bbox 683 2095 763 2178; x_wconf 83' lang='grc' dir='ltr'><strong><em>τοὺς</em></strong></span> <span class='ocrx_word' id='word_1_129' title='bbox 788 2100 879 2184; x_wconf 81' lang='grc' dir='ltr'><strong><em>γένει</em></strong></span> <span class='ocrx_word' id='word_1_130' title='bbox 905 2124 941 2166; x_wconf 90' lang='grc' dir='ltr'><strong><em>τε</em></strong></span> <span class='ocrx_word' id='word_1_131' title='bbox 963 2097 1172 2186; x_wconf 75' lang='grc' dir='ltr'><strong><em>προῦχοντας</em></strong></span> 
     </span>
     <span class='ocr_line' id='line_1_19' title="bbox 158 2203 1172 2295; baseline -0.002 -21"><span class='ocrx_word' id='word_1_132' title='bbox 158 2208 226 2274; x_wconf 80' lang='grc' dir='ltr'><strong><em>τῶν</em></strong></span> <span class='ocrx_word' id='word_1_133' title='bbox 254 2203 367 2274; x_wconf 86' lang='grc' dir='ltr'><strong><em>ἀλλων</em></strong></span> <span class='ocrx_word' id='word_1_134' title='bbox 390 2205 447 2272; x_wconf 85' lang='grc' dir='ltr'><strong><em>καὶ</em></strong></span> <span class='ocrx_word' id='word_1_135' title='bbox 474 2203 574 2292; x_wconf 72' lang='grc' dir='ltr'><strong><em>ἀρετῇ</em></strong></span> <span class='ocrx_word' id='word_1_136' title='bbox 599 2203 787 2292; x_wconf 76' lang='grc' dir='ltr'><strong><em>διαφόρους</em></strong></span> <span class='ocrx_word' id='word_1_137' title='bbox 805 2206 862 2273; x_wconf 81' lang='grc' dir='ltr'><strong><em>καὶ</em></strong></span> <span class='ocrx_word' id='word_1_138' title='bbox 880 2205 1058 2295; x_wconf 88' lang='grc' dir='ltr'><strong><em>χρημάτων</em></strong></span> <span class='ocrx_word' id='word_1_139' title='bbox 1081 2227 1172 2292; x_wconf 86' lang='grc' dir='ltr'><strong><em>περι-</em></strong></span> 
     </span>
     <span class='ocr_line' id='line_1_20' title="bbox 160 2308 1173 2398; baseline -0.001 -19"><span class='ocrx_word' id='word_1_140' title='bbox 160 2317 281 2379; x_wconf 91' lang='grc' dir='ltr'><strong><em>ουσίαν</em></strong></span> <span class='ocrx_word' id='word_1_141' title='bbox 315 2315 451 2398; x_wconf 86' lang='grc' dir='ltr'><strong><em>έχοντας</em></strong></span> <span class='ocrx_word' id='word_1_142' title='bbox 482 2308 654 2398; x_wconf 83' lang='grc' dir='ltr'><strong><em>ἀρκοῦσαν</em></strong></span> <span class='ocrx_word' id='word_1_143' title='bbox 690 2311 746 2378; x_wconf 80' lang='grc' dir='ltr'><strong><em>καὶ</em></strong></span> <span class='ocrx_word' id='word_1_144' title='bbox 780 2310 887 2398; x_wconf 73' lang='grc' dir='ltr'><strong><em>μηδὲν</em></strong></span> <span class='ocrx_word' id='word_1_145' title='bbox 919 2309 1173 2398; x_wconf 79' lang='grc' dir='ltr'><strong><em>ἠλαττωμένους</em></strong></span> 
     </span>
     <span class='ocr_line' id='line_1_21' title="bbox 70 2413 1172 2504; baseline -0.003 -17"><span class='ocrx_word' id='word_1_146' title='bbox 70 2443 72 2448; x_wconf 81' lang='grc'><strong>’</strong></span> <span class='ocrx_word' id='word_1_147' title='bbox 119 2447 146 2488; x_wconf 81' lang='grc' dir='ltr'><strong><em>ιο</em></strong></span> <span class='ocrx_word' id='word_1_148' title='bbox 159 2420 228 2486; x_wconf 78' lang='grc' dir='ltr'><strong><em>των</em></strong></span> <span class='ocrx_word' id='word_1_149' title='bbox 246 2418 322 2502; x_wconf 82' lang='grc' dir='ltr'><strong><em>περὶ</em></strong></span> <span class='ocrx_word' id='word_1_150' title='bbox 339 2415 377 2485; x_wconf 89' lang='grc' dir='ltr'><strong><em>τὸ</em></strong></span> <span class='ocrx_word' id='word_1_151' title='bbox 397 2420 505 2504; x_wconf 77' lang='grc' dir='ltr'><strong><em>σῶμα·</em></strong></span> <span class='ocrx_word' id='word_1_152' title='bbox 528 2415 669 2496; x_wconf 83' lang='grc' dir='ltr'><strong><em>τούτους</em></strong></span> <span class='ocrx_word' id='word_1_153' title='bbox 687 2416 726 2485; x_wconf 68' lang='grc' dir='ltr'><strong><em>δέ</em></strong></span> <span class='ocrx_word' id='word_1_154' title='bbox 744 2414 806 2486; x_wconf 86' lang='grc' dir='ltr'><strong><em>ούκ</em></strong></span> <span class='ocrx_word' id='word_1_155' title='bbox 824 2421 872 2497; x_wconf 90' lang='grc' dir='ltr'><strong><em>εἱς</em></strong></span> <span class='ocrx_word' id='word_1_156' title='bbox 890 2413 1078 2504; x_wconf 75' lang='grc' dir='ltr'><strong><em>ὡρισμένον</em></strong></span> <span class='ocrx_word' id='word_1_157' title='bbox 1096 2415 1172 2486; x_wconf 88' lang='grc' dir='ltr'><strong><em>τινά</em></strong></span> 
     </span>
     <span class='ocr_line' id='line_1_22' title="bbox 159 2521 1173 2612; baseline 0.001 -21"><span class='ocrx_word' id='word_1_158' title='bbox 159 2523 286 2612; x_wconf 92' lang='grc' dir='ltr'><strong><em>χρόνον</em></strong></span> <span class='ocrx_word' id='word_1_159' title='bbox 309 2521 367 2603; x_wconf 83' lang='grc' dir='ltr'><strong><em>τὰς</em></strong></span> <span class='ocrx_word' id='word_1_160' title='bbox 388 2521 486 2610; x_wconf 82' lang='grc' dir='ltr'><strong><em>τιμάς</em></strong></span> <span class='ocrx_word' id='word_1_161' title='bbox 509 2526 623 2605; x_wconf 83' lang='grc' dir='ltr'><strong><em>ἔταξεν</em></strong></span> <span class='ocrx_word' id='word_1_162' title='bbox 647 2529 736 2611; x_wconf 81' lang='grc' dir='ltr'><strong><em>ἔχειν</em></strong></span> <span class='ocrx_word' id='word_1_163' title='bbox 743 2575 753 2610; x_wconf 92' lang='grc'><strong><em>,</em></strong></span> <span class='ocrx_word' id='word_1_164' title='bbox 778 2521 862 2592; x_wconf 82' lang='grc' dir='ltr'><strong><em>ἀλλὰ</em></strong></span> <span class='ocrx_word' id='word_1_165' title='bbox 886 2522 943 2592; x_wconf 82' lang='grc' dir='ltr'><strong><em>διὰ</em></strong></span> <span class='ocrx_word' id='word_1_166' title='bbox 965 2523 1090 2604; x_wconf 89' lang='grc' dir='ltr'><strong><em>παντὸς</em></strong></span> <span class='ocrx_word' id='word_1_167' title='bbox 1111 2528 1173 2592; x_wconf 84' lang='grc' dir='ltr'><strong><em>τού</em></strong></span> 
     </span>
     <span class='ocr_line' id='line_1_23' title="bbox 158 2628 1173 2718; baseline 0.001 -20"><span class='ocrx_word' id='word_1_168' title='bbox 158 2635 238 2718; x_wconf 78' lang='grc' dir='ltr'><strong><em>βίον</em></strong></span> <span class='ocrx_word' id='word_1_169' title='bbox 261 2633 444 2717; x_wconf 77' lang='grc' dir='ltr'><strong><em>στρατειῶν</em></strong></span> <span class='ocrx_word' id='word_1_170' title='bbox 471 2629 533 2717; x_wconf 69' lang='grc' dir='ltr'><strong><em>μὲν</em></strong></span> <span class='ocrx_word' id='word_1_171' title='bbox 561 2628 831 2718; x_wconf 87' lang='grc' dir='ltr'><strong><em>ἀπολελυμένους</em></strong></span> <span class='ocrx_word' id='word_1_172' title='bbox 859 2628 915 2698; x_wconf 85' lang='grc' dir='ltr'><strong><em>διά</em></strong></span> <span class='ocrx_word' id='word_1_173' title='bbox 942 2629 1004 2718; x_wconf 78' lang='grc' dir='ltr'><strong><em>τὴν</em></strong></span> <span class='ocrx_word' id='word_1_174' title='bbox 1027 2628 1173 2718; x_wconf 82' lang='grc' dir='ltr'><strong><em>ἡλικίαν,</em></strong></span> 
     </span>
     <span class='ocr_line' id='line_1_24' title="bbox 159 2734 1088 2828; baseline 0.001 -22"><span class='ocrx_word' id='word_1_175' title='bbox 159 2741 228 2806; x_wconf 79' lang='grc' dir='ltr'><strong><em>τῶν</em></strong></span> <span class='ocrx_word' id='word_1_176' title='bbox 252 2736 290 2804; x_wconf 73' lang='grc' dir='ltr'><strong><em>δὲ</em></strong></span> <span class='ocrx_word' id='word_1_177' title='bbox 311 2735 395 2804; x_wconf 86' lang='grc' dir='ltr'><strong><em>κατὰ</em></strong></span> <span class='ocrx_word' id='word_1_178' title='bbox 417 2734 480 2824; x_wconf 83' lang='grc' dir='ltr'><strong><em>τὴν</em></strong></span> <span class='ocrx_word' id='word_1_179' title='bbox 502 2736 603 2806; x_wconf 88' lang='grc' dir='ltr'><strong><em>πόλιν</em></strong></span> <span class='ocrx_word' id='word_1_180' title='bbox 627 2735 781 2828; x_wconf 77' lang='grc' dir='ltr'><strong><em>ὀχληρῶν</em></strong></span> <span class='ocrx_word' id='word_1_181' title='bbox 805 2735 862 2806; x_wconf 87' lang='grc' dir='ltr'><strong><em>διά</em></strong></span> <span class='ocrx_word' id='word_1_182' title='bbox 885 2734 946 2806; x_wconf 88' lang='grc' dir='ltr'><strong><em>τὸν</em></strong></span> <span class='ocrx_word' id='word_1_183' title='bbox 968 2737 1088 2825; x_wconf 89' lang='grc' dir='ltr'><strong><em>νόμον.</em></strong></span> 
     </span>
    </p>
   </div>
   <div class='ocr_carea' id='block_1_3' title="bbox 117 1329 138 1394">
    <p class='ocr_par' dir='ltr' id='par_1_3' title="bbox 117 1329 138 1394">
     <span class='ocr_line' id='line_1_25' title="bbox 117 1329 138 1394; baseline 0 0"><span class='ocrx_word' id='word_1_184' title='bbox 117 1329 138 1394; x_wconf 84' lang='grc'>3</span> 
     </span>
    </p>
   </div>
   <div class='ocr_carea' id='block_1_4' title="bbox 160 2999 1174 3573">
    <p class='ocr_par' dir='ltr' id='par_1_4' title="bbox 160 2999 1174 3573">
     <span class='ocr_line' id='line_1_26' title="bbox 233 2999 1173 3091; baseline 0 -33"><span class='ocrx_word' id='word_1_185' title='bbox 233 3010 246 3058; x_wconf 94' lang='grc'>1</span> <span class='ocrx_word' id='word_1_186' title='bbox 267 2999 376 3087; x_wconf 76' lang='grc' dir='ltr'><strong><em>σφ’μασι</em></strong></span> <span class='ocrx_word' id='word_1_187' title='bbox 393 2999 570 3091; x_wconf 84' lang='grc' dir='ltr'><strong><em>θεραπεύειν</em></strong></span> <span class='ocrx_word' id='word_1_188' title='bbox 588 2999 719 3060; x_wconf 81' lang='grc' dir='ltr'><strong><em>ἀπέδωκε</em></strong></span> <span class='ocrx_word' id='word_1_189' title='bbox 737 3005 761 3059; x_wconf 95' lang='grc' dir='ltr'>Β</span> <span class='ocrx_word' id='word_1_190' title='bbox 815 3011 831 3059; x_wconf 86' lang='grc'>3</span> <span class='ocrx_word' id='word_1_191' title='bbox 845 3024 876 3060; x_wconf 88' lang='grc' dir='ltr'><strong><em>τε</em></strong></span> <span class='ocrx_word' id='word_1_192' title='bbox 895 3005 918 3062; x_wconf 90' lang='grc' dir='ltr'><strong>Β</strong></span> <span class='ocrx_word' id='word_1_193' title='bbox 933 3022 986 3061; x_wconf 90' lang='lat' dir='ltr'><strong><em>om</em></strong></span> <span class='ocrx_word' id='word_1_194' title='bbox 996 3005 1022 3060; x_wconf 85' lang='lat' dir='ltr'>R</span> <span class='ocrx_word' id='word_1_195' title='bbox 1037 3005 1041 3076; x_wconf 81' lang='grc' dir='ltr'>Ι</span> <span class='ocrx_word' id='word_1_196' title='bbox 1057 3004 1136 3059; x_wconf 88' lang='grc' dir='ltr'><strong><em>θεων</em></strong></span> <span class='ocrx_word' id='word_1_197' title='bbox 1150 3003 1173 3058; x_wconf 93' lang='grc' dir='ltr'><strong>Β</strong></span> 
     </span>
     <span class='ocr_line' id='line_1_27' title="bbox 160 3070 1172 3165; baseline 0 -36"><span class='ocrx_word' id='word_1_198' title='bbox 160 3075 216 3129; x_wconf 80' lang='grc' dir='ltr'><strong><em>τῶν</em></strong></span> <span class='ocrx_word' id='word_1_199' title='bbox 233 3074 313 3130; x_wconf 78' lang='grc' dir='ltr'><strong><em>θεῶν</em></strong></span> <span class='ocrx_word' id='word_1_200' title='bbox 330 3075 356 3129; x_wconf 84' lang='grc' dir='ltr'><strong>Β</strong></span> <span class='ocrx_word' id='word_1_201' title='bbox 428 3070 1172 3165; x_wconf 65' lang='grc' dir='ltr'><strong><em>ὃγενικὰςο.Βί1οἱεεΙθι·Ιπερὶ]ύπέρο.Ηοεὶὶείο</em></strong></span> 
     </span>
     <span class='ocr_line' id='line_1_28' title="bbox 160 3141 1173 3234; baseline -0.001 -34"><span class='ocrx_word' id='word_1_202' title='bbox 160 3147 277 3201; x_wconf 83' lang='lat' dir='ltr'><strong>Hermes</strong></span> <span class='ocrx_word' id='word_1_203' title='bbox 299 3146 380 3226; x_wconf 88' lang='lat' dir='ltr'><strong><em>Xp.</em></strong></span> <span class='ocrx_word' id='word_1_204' title='bbox 404 3151 456 3200; x_wconf 81' lang='lat'><strong><em>409</em></strong></span> <span class='ocrx_word' id='word_1_205' title='bbox 538 3153 555 3202; x_wconf 86' lang='lat'>8</span> <span class='ocrx_word' id='word_1_206' title='bbox 578 3143 691 3217; x_wconf 87' lang='grc' dir='ltr'><strong><em>ούάρων</em></strong></span> <span class='ocrx_word' id='word_1_207' title='bbox 712 3146 734 3202; x_wconf 93' lang='grc' dir='ltr'>Ο</span> <span class='ocrx_word' id='word_1_208' title='bbox 817 3153 833 3202; x_wconf 86' lang='grc'>9</span> <span class='ocrx_word' id='word_1_209' title='bbox 856 3167 908 3216; x_wconf 87' lang='grc' dir='ltr'><strong><em>την</em></strong></span> <span class='ocrx_word' id='word_1_210' title='bbox 932 3141 1022 3202; x_wconf 83' lang='grc' dir='ltr'><strong><em>αύτού</em></strong></span> <span class='ocrx_word' id='word_1_211' title='bbox 1051 3146 1173 3234; x_wconf 67' lang='lat' dir='ltr'>Sylburg</span> 
     </span>
     <span class='ocr_line' id='line_1_29' title="bbox 162 3211 1172 3304; baseline -0.001 -33"><span class='ocrx_word' id='word_1_212' title='bbox 162 3224 196 3272; x_wconf 91' lang='lat'><strong><em>10</em></strong></span> <span class='ocrx_word' id='word_1_213' title='bbox 214 3211 260 3271; x_wconf 80' lang='grc' dir='ltr'><strong><em>ὅτι</em></strong></span> <span class='ocrx_word' id='word_1_214' title='bbox 277 3233 331 3272; x_wconf 88' lang='lat' dir='ltr'><strong><em>om</em></strong></span> <span class='ocrx_word' id='word_1_215' title='bbox 326 3212 369 3270; x_wconf 98' lang='grc' dir='ltr'><strong>Β</strong></span> <span class='ocrx_word' id='word_1_216' title='bbox 430 3222 463 3270; x_wconf 94' lang='grc'><strong><em>11</em></strong></span> <span class='ocrx_word' id='word_1_217' title='bbox 479 3237 510 3271; x_wconf 91' lang='grc' dir='ltr'><strong><em>το</em></strong></span> <span class='ocrx_word' id='word_1_218' title='bbox 501 3212 590 3304; x_wconf 72' lang='grc' dir='ltr'><strong><em>ράδ</em></strong></span> <span class='ocrx_word' id='word_1_219' title='bbox 605 3217 747 3289; x_wconf 67' lang='lat' dir='ltr'><strong>Kiezsling</strong></span> <span class='ocrx_word' id='word_1_220' title='bbox 758 3219 802 3272; x_wconf 88' lang='lat' dir='ltr'><strong><em>Pr.</em></strong></span> <span class='ocrx_word' id='word_1_221' title='bbox 814 3217 876 3272; x_wconf 70' lang='lat' dir='ltr'>Bas.</span> <span class='ocrx_word' id='word_1_222' title='bbox 891 3224 966 3288; x_wconf 39' lang='lat' dir='ltr'><strong><em>pssss</em></strong></span> <span class='ocrx_word' id='word_1_223' title='bbox 1011 3224 1044 3272; x_wconf 87' lang='grc'><strong><em>13</em></strong></span> <span class='ocrx_word' id='word_1_224' title='bbox 1058 3213 1172 3284; x_wconf 84' lang='grc' dir='ltr'><strong><em>αξιονν</em></strong></span> 
     </span>
     <span class='ocr_line' id='line_1_30' title="bbox 160 3237 1171 3359; baseline 0 -18"><span class='ocrx_word' id='word_1_225' title='bbox 160 3307 216 3341; x_wconf 88' lang='grc' dir='ltr'><strong><em>των</em></strong></span> <span class='ocrx_word' id='word_1_226' title='bbox 239 3283 448 3357; x_wconf 83' lang='grc' dir='ltr'><strong><em>ἀποκηρύττειν</em></strong></span> <span class='ocrx_word' id='word_1_227' title='bbox 470 3283 538 3341; x_wconf 85' lang='grc' dir='ltr'><strong><em>Β’</em></strong></span> <span class='ocrx_word' id='word_1_228' title='bbox 520 3308 568 3342; x_wconf 89' lang='grc' dir='ltr'><strong><em>απ.</em></strong></span> <span class='ocrx_word' id='word_1_229' title='bbox 593 3283 635 3354; x_wconf 82' lang='grc' dir='ltr'><strong><em>ἀξ.</em></strong></span> <span class='ocrx_word' id='word_1_230' title='bbox 655 3289 681 3344; x_wconf 85' lang='grc' dir='ltr'><strong>Β</strong></span> <span class='ocrx_word' id='word_1_231' title='bbox 727 3237 791 3344; x_wconf 77' lang='lat' dir='ltr'><strong><em>g15</em></strong></span> <span class='ocrx_word' id='word_1_232' title='bbox 814 3284 881 3352; x_wconf 86' lang='grc' dir='ltr'><strong><em>τούς</em></strong></span> <span class='ocrx_word' id='word_1_233' title='bbox 905 3287 990 3359; x_wconf 84' lang='grc' dir='ltr'><strong><em>ἱερεις</em></strong></span> <span class='ocrx_word' id='word_1_234' title='bbox 1011 3291 1077 3359; x_wconf 73' lang='lat' dir='ltr'><strong>post</strong></span> <span class='ocrx_word' id='word_1_235' title='bbox 1099 3290 1171 3342; x_wconf 83' lang='grc' dir='ltr'><strong><em>διαι-</em></strong></span> 
     </span>
     <span class='ocr_line' id='line_1_31' title="bbox 161 3354 1173 3446; baseline -0.001 -33"><span class='ocrx_word' id='word_1_236' title='bbox 161 3354 287 3446; x_wconf 90' lang='grc' dir='ltr'><strong><em>ρούντων</em></strong></span> <span class='ocrx_word' id='word_1_237' title='bbox 303 3358 325 3414; x_wconf 93' lang='grc'><strong>0</strong></span> <span class='ocrx_word' id='word_1_238' title='bbox 339 3359 497 3444; x_wconf 72' lang='grc' dir='ltr'><strong><em>μεοεδεεΒ,</em></strong></span> <span class='ocrx_word' id='word_1_239' title='bbox 514 3379 549 3414; x_wconf 86' lang='grc' dir='ltr'><strong><em>τα</em></strong></span> <span class='ocrx_word' id='word_1_240' title='bbox 538 3355 623 3429; x_wconf 78' lang='grc' dir='ltr'><strong><em>“ρ“ἱε</em></strong></span> <span class='ocrx_word' id='word_1_241' title='bbox 609 3377 665 3414; x_wconf 87' lang='grc' dir='ltr'><strong><em>αο.</em></strong></span> <span class='ocrx_word' id='word_1_242' title='bbox 677 3359 832 3415; x_wconf 79' lang='lat' dir='ltr'>Ambrosch</span> <span class='ocrx_word' id='word_1_243' title='bbox 848 3363 852 3427; x_wconf 94' lang='grc' dir='ltr'>Ι</span> <span class='ocrx_word' id='word_1_244' title='bbox 868 3380 957 3430; x_wconf 81' lang='grc' dir='ltr'><strong><em>καιρω</em></strong></span> <span class='ocrx_word' id='word_1_245' title='bbox 945 3360 997 3414; x_wconf 88' lang='grc' dir='ltr'><strong>Α</strong></span> <span class='ocrx_word' id='word_1_246' title='bbox 1053 3367 1086 3416; x_wconf 91' lang='grc'><strong><em>16</em></strong></span> <span class='ocrx_word' id='word_1_247' title='bbox 1101 3355 1173 3444; x_wconf 87' lang='grc' dir='ltr'><strong><em>φρά-</em></strong></span> 
     </span>
     <span class='ocr_line' id='line_1_32' title="bbox 160 3425 1174 3573; baseline 0.002 -19"><span class='ocrx_word' id='word_1_248' title='bbox 160 3425 494 3570; x_wconf 50' lang='grc' dir='ltr'><strong><em>Ξὲλέάάλῗῗεοδὶἕεά</em></strong></span> <span class='ocrx_word' id='word_1_249' title='bbox 513 3426 749 3565; x_wconf 53' lang='grc' dir='ltr'><strong><em>ιεάιῖιῗῖἱθ]</em></strong></span> <span class='ocrx_word' id='word_1_250' title='bbox 763 3426 1074 3573; x_wconf 53' lang='grc' dir='ltr'><strong><em>ἱδίῗάᾟιμιῗάὶς</em></strong></span> <span class='ocrx_word' id='word_1_251' title='bbox 1090 3449 1174 3500; x_wconf 63' lang='lat' dir='ltr'><strong><em>uuae</em></strong></span> 
     </span>
    </p>
   </div>
   <div class='ocr_carea' id='block_1_5' title="bbox 0 0 1349 3984">
    <p class='ocr_par' dir='ltr' id='par_1_5' title="bbox 0 0 1349 3984">
     <span class='ocr_line' id='line_1_33' title="bbox 0 0 1349 3984; baseline 0 0"><span class='ocrx_word' id='word_1_252' title='bbox 0 0 1349 3984; x_wconf 95' lang='lat' dir='ltr'><strong><em> </em></strong></span> 
     </span>
    </p>
   </div>
  </div>
 </body>
</html>
