<?xml version="1.0" encoding="UTF-8"?>
<!DOCTYPE html PUBLIC "-//W3C//DTD XHTML 1.0 Transitional//EN"
    "http://www.w3.org/TR/xhtml1/DTD/xhtml1-transitional.dtd">
<html xmlns="http://www.w3.org/1999/xhtml" xml:lang="en" lang="en">
 <head>
  <title>
</title>
<meta http-equiv="Content-Type" content="text/html;charset=utf-8" />
  <meta name='ocr-system' content='tesseract 3.04.00' />
  <meta name='ocr-capabilities' content='ocr_page ocr_carea ocr_par ocr_line ocrx_word'/>
</head>
<body>
  <div class='ocr_page' id='page_1' title='image "./dionysihalicarn05diongoog_0127.png"; bbox 0 0 2670 3984; ppageno 0'>
   <div class='ocr_carea' id='block_1_1' title="bbox 212 229 802 293">
    <p class='ocr_par' dir='ltr' id='par_1_1' title="bbox 212 229 802 293">
     <span class='ocr_line' id='line_1_1' title="bbox 212 229 802 293; baseline 0.003 -2"><span class='ocrx_word' id='word_1_1' title='bbox 212 229 276 293; x_wconf 89' lang='grc'><strong><em>116</em></strong></span> <span class='ocrx_word' id='word_1_2' title='bbox 636 231 802 282; x_wconf 82' lang='grc' dir='ltr'><strong><em>-Α-</em></strong></span> 
     </span>
    </p>
   </div>
   <div class='ocr_carea' id='block_1_2' title="bbox 166 387 1282 3244">
    <p class='ocr_par' dir='ltr' id='par_1_2' title="bbox 166 387 1282 3244">
     <span class='ocr_line' id='line_1_2' title="bbox 209 387 1228 481; baseline 0.002 -25"><span class='ocrx_word' id='word_1_3' title='bbox 209 415 308 478; x_wconf 87' lang='grc' dir='ltr'><strong><em>ρηται</em></strong></span> <span class='ocrx_word' id='word_1_4' title='bbox 336 389 373 458; x_wconf 74' lang='grc' dir='ltr'><strong><em>δέ</em></strong></span> <span class='ocrx_word' id='word_1_5' title='bbox 408 391 463 458; x_wconf 83' lang='grc' dir='ltr'><strong><em>καλ</em></strong></span> <span class='ocrx_word' id='word_1_6' title='bbox 493 388 680 479; x_wconf 79' lang='grc' dir='ltr'><strong><em>Δημαγόρᾳ</em></strong></span> <span class='ocrx_word' id='word_1_7' title='bbox 712 391 768 458; x_wconf 83' lang='grc' dir='ltr'><strong><em>καὶ</em></strong></span> <span class='ocrx_word' id='word_1_8' title='bbox 793 387 990 481; x_wconf 73' lang='grc' dir='ltr'><strong><em>Ἀγαθύλλῳ</em></strong></span> <span class='ocrx_word' id='word_1_9' title='bbox 1022 391 1078 460; x_wconf 79' lang='grc' dir='ltr'><strong><em>καί</em></strong></span> <span class='ocrx_word' id='word_1_10' title='bbox 1111 388 1228 470; x_wconf 80' lang='grc' dir='ltr'><strong><em>ἄλλοις</em></strong></span> 
     </span>
     <span class='ocr_line' id='line_1_3' title="bbox 210 493 1280 585; baseline 0.003 -22"><span class='ocrx_word' id='word_1_11' title='bbox 210 511 348 582; x_wconf 77' lang='grc' dir='ltr'><strong><em>συχνοῖς</em></strong></span> <span class='ocrx_word' id='word_1_12' title='bbox 376 495 396 566; x_wconf 86' lang='grc' dir='ltr'><strong><em>ό</em></strong></span> <span class='ocrx_word' id='word_1_13' title='bbox 423 523 458 566; x_wconf 89' lang='grc' dir='ltr'><strong><em>τε</em></strong></span> <span class='ocrx_word' id='word_1_14' title='bbox 489 495 612 585; x_wconf 79' lang='grc' dir='ltr'><strong><em>χρόνος</em></strong></span> <span class='ocrx_word' id='word_1_15' title='bbox 643 497 699 564; x_wconf 84' lang='grc' dir='ltr'><strong><em>καὶ</em></strong></span> <span class='ocrx_word' id='word_1_16' title='bbox 727 493 745 565; x_wconf 89' lang='grc' dir='ltr'>ὁ</span> <span class='ocrx_word' id='word_1_17' title='bbox 774 501 834 584; x_wconf 80' lang='grc' dir='ltr'><strong><em>τῆς</em></strong></span> <span class='ocrx_word' id='word_1_18' title='bbox 863 494 1017 576; x_wconf 76' lang='grc' dir='ltr'><em>ἀποικίας</em></span> <span class='ocrx_word' id='word_1_19' title='bbox 1039 494 1173 584; x_wconf 76' lang='grc' dir='ltr'><strong><em>ἡγεμὼν</em></strong></span> <span class='ocrx_word' id='word_1_20' title='bbox 1202 495 1280 565; x_wconf 86' lang='grc' dir='ltr'>ὁ181</span> 
     </span>
     <span class='ocr_line' id='line_1_4' title="bbox 175 600 1224 690; baseline 0.004 -22"><span class='ocrx_word' id='word_1_21' title='bbox 175 600 319 682; x_wconf 86' lang='grc' dir='ltr'><strong><em>2αότός.</em></strong></span> <span class='ocrx_word' id='word_1_22' title='bbox 366 601 384 673; x_wconf 85' lang='grc' dir='ltr'><strong><em>ό</em></strong></span> <span class='ocrx_word' id='word_1_23' title='bbox 410 603 447 672; x_wconf 76' lang='grc' dir='ltr'><strong><em>δέ</em></strong></span> <span class='ocrx_word' id='word_1_24' title='bbox 474 603 532 684; x_wconf 80' lang='grc' dir='ltr'><strong><em>τὰς</em></strong></span> <span class='ocrx_word' id='word_1_25' title='bbox 561 607 682 689; x_wconf 87' lang='grc' dir='ltr'><strong><em>ίερείας</em></strong></span> <span class='ocrx_word' id='word_1_26' title='bbox 707 601 766 682; x_wconf 81' lang='grc' dir='ltr'><strong><em>τάς</em></strong></span> <span class='ocrx_word' id='word_1_27' title='bbox 793 605 830 672; x_wconf 86' lang='grc' dir='ltr'><strong><em>έν</em></strong></span> <span class='ocrx_word' id='word_1_28' title='bbox 848 601 963 690; x_wconf 72' lang='grc' dir='ltr'><strong><em>Ἄργει</em></strong></span> <span class='ocrx_word' id='word_1_29' title='bbox 990 603 1045 670; x_wconf 84' lang='grc' dir='ltr'><strong><em>καλ</em></strong></span> <span class='ocrx_word' id='word_1_30' title='bbox 1073 602 1113 672; x_wconf 83' lang='grc' dir='ltr'><strong><em>τὰ</em></strong></span> <span class='ocrx_word' id='word_1_31' title='bbox 1143 601 1224 672; x_wconf 87' lang='grc' dir='ltr'><strong><em>καθ’</em></strong></span> 
     </span>
     <span class='ocr_line' id='line_1_5' title="bbox 210 707 1228 797; baseline 0.002 -21"><span class='ocrx_word' id='word_1_32' title='bbox 210 707 352 794; x_wconf 85' lang='grc' dir='ltr'><strong><em>ἑκάστην</em></strong></span> <span class='ocrx_word' id='word_1_33' title='bbox 393 711 588 797; x_wconf 75' lang='grc' dir='ltr'><strong><em>πραχθέντα</em></strong></span> <span class='ocrx_word' id='word_1_34' title='bbox 626 709 827 795; x_wconf 77' lang='grc' dir='ltr'><strong><em>συναγαγὼν</em></strong></span> <span class='ocrx_word' id='word_1_35' title='bbox 864 713 1007 778; x_wconf 89' lang='grc' dir='ltr'><strong><em>Αίνείαν</em></strong></span> <span class='ocrx_word' id='word_1_36' title='bbox 1048 711 1153 796; x_wconf 83' lang='grc' dir='ltr'><strong><em>φησὶν</em></strong></span> <span class='ocrx_word' id='word_1_37' title='bbox 1191 713 1228 778; x_wconf 89' lang='grc' dir='ltr'><strong><em>έκ</em></strong></span> 
     </span>
     <span class='ocr_line' id='line_1_6' title="bbox 171 812 1228 901; baseline -0.002 -17"><span class='ocrx_word' id='word_1_38' title='bbox 171 842 184 884; x_wconf 81' lang='grc' dir='ltr'><strong><em>ο</em></strong></span> <span class='ocrx_word' id='word_1_39' title='bbox 211 820 399 886; x_wconf 75' lang='grc' dir='ltr'><strong><em>Μολοττῶν</em></strong></span> <span class='ocrx_word' id='word_1_40' title='bbox 437 820 485 895; x_wconf 87' lang='grc' dir='ltr'><strong><em>είς</em></strong></span> <span class='ocrx_word' id='word_1_41' title='bbox 518 814 662 884; x_wconf 85' lang='grc' dir='ltr'><strong><em>Ἰταλίαν</em></strong></span> <span class='ocrx_word' id='word_1_42' title='bbox 699 815 845 883; x_wconf 80' lang='grc' dir='ltr'><strong><em>ἐλθόντα</em></strong></span> <span class='ocrx_word' id='word_1_43' title='bbox 881 812 950 901; x_wconf 84' lang='grc' dir='ltr'><strong><em>μετ’</em></strong></span> <span class='ocrx_word' id='word_1_44' title='bbox 982 813 1141 884; x_wconf 77' lang='grc' dir='ltr'><strong><em>Ὀδυσσέα</em></strong></span> <span class='ocrx_word' id='word_1_45' title='bbox 1179 821 1228 884; x_wconf 90' lang='grc' dir='ltr'><strong><em>οί-</em></strong></span> 
     </span>
     <span class='ocr_line' id='line_1_7' title="bbox 210 919 1227 1010; baseline 0.002 -22"><span class='ocrx_word' id='word_1_46' title='bbox 210 921 328 1008; x_wconf 79' lang='grc' dir='ltr'><strong><em>κιστην</em></strong></span> <span class='ocrx_word' id='word_1_47' title='bbox 352 922 513 1008; x_wconf 84' lang='grc' dir='ltr'><strong><em>γενέσθαι</em></strong></span> <span class='ocrx_word' id='word_1_48' title='bbox 536 926 595 1008; x_wconf 75' lang='grc' dir='ltr'><strong><em>τῆς</em></strong></span> <span class='ocrx_word' id='word_1_49' title='bbox 617 921 759 1006; x_wconf 90' lang='grc' dir='ltr'><strong><em>πόλεως,</em></strong></span> <span class='ocrx_word' id='word_1_50' title='bbox 788 919 955 1008; x_wconf 86' lang='grc' dir='ltr'><strong><em>ὀνομάσαι</em></strong></span> <span class='ocrx_word' id='word_1_51' title='bbox 978 920 1009 988; x_wconf 83' lang='grc' dir='ltr'><strong><em>θ’</em></strong></span> <span class='ocrx_word' id='word_1_52' title='bbox 1030 921 1136 1010; x_wconf 82' lang='grc' dir='ltr'><strong><em>αὐτην</em></strong></span> <span class='ocrx_word' id='word_1_53' title='bbox 1161 920 1227 990; x_wconf 89' lang='grc' dir='ltr'><strong><em>ἀπὸ</em></strong></span> 
     </span>
     <span class='ocr_line' id='line_1_8' title="bbox 210 1025 1229 1115; baseline 0.001 -20"><span class='ocrx_word' id='word_1_54' title='bbox 210 1032 288 1115; x_wconf 83' lang='grc' dir='ltr'><strong><em>μιᾶς</em></strong></span> <span class='ocrx_word' id='word_1_55' title='bbox 310 1032 379 1097; x_wconf 76' lang='grc' dir='ltr'><strong><em>τῶν</em></strong></span> <span class='ocrx_word' id='word_1_56' title='bbox 398 1027 552 1096; x_wconf 78' lang='grc' dir='ltr'><strong><em>Ἰλιάδων</em></strong></span> <span class='ocrx_word' id='word_1_57' title='bbox 573 1025 711 1114; x_wconf 78' lang='grc' dir='ltr'><strong><em>Ῥοίμης.</em></strong></span> <span class='ocrx_word' id='word_1_58' title='bbox 752 1029 877 1114; x_wconf 83' lang='grc' dir='ltr'><strong><em>ταύτην</em></strong></span> <span class='ocrx_word' id='word_1_59' title='bbox 902 1026 939 1094; x_wconf 73' lang='grc' dir='ltr'><strong><em>δέ</em></strong></span> <span class='ocrx_word' id='word_1_60' title='bbox 966 1029 1055 1113; x_wconf 89' lang='grc' dir='ltr'><strong><em>λέγει</em></strong></span> <span class='ocrx_word' id='word_1_61' title='bbox 1077 1043 1151 1108; x_wconf 78' lang='grc' dir='ltr'><strong><em>ταῖς</em></strong></span> <span class='ocrx_word' id='word_1_62' title='bbox 1172 1027 1229 1096; x_wconf 84' lang='grc' dir='ltr'><strong><em>ἀλ-</em></strong></span> 
     </span>
     <span class='ocr_line' id='line_1_9' title="bbox 211 1131 1228 1222; baseline 0 -20"><span class='ocrx_word' id='word_1_63' title='bbox 211 1142 285 1213; x_wconf 90' lang='grc' dir='ltr'><strong><em>λαις</em></strong></span> <span class='ocrx_word' id='word_1_64' title='bbox 325 1133 460 1220; x_wconf 82' lang='grc' dir='ltr'><strong><em>Τρωάσι</em></strong></span> <span class='ocrx_word' id='word_1_65' title='bbox 495 1135 832 1220; x_wconf 79' lang='grc' dir='ltr'><strong><em>παρακελευσαμένην</em></strong></span> <span class='ocrx_word' id='word_1_66' title='bbox 869 1137 967 1222; x_wconf 78' lang='grc' dir='ltr'><strong><em>κοινῇ</em></strong></span> <span class='ocrx_word' id='word_1_67' title='bbox 1009 1131 1078 1221; x_wconf 89' lang='grc' dir='ltr'><strong><em>μετ’</em></strong></span> <span class='ocrx_word' id='word_1_68' title='bbox 1114 1131 1228 1202; x_wconf 79' lang='grc' dir='ltr'><strong><em>αὐτῶν</em></strong></span> 
     </span>
     <span class='ocr_line' id='line_1_10' title="bbox 213 1237 1232 1367; baseline 0 -59"><span class='ocrx_word' id='word_1_69' title='bbox 213 1243 378 1327; x_wconf 79' lang='grc' dir='ltr'><strong><em>ἐμπρῆσαι</em></strong></span> <span class='ocrx_word' id='word_1_70' title='bbox 400 1237 441 1307; x_wconf 82' lang='grc' dir='ltr'><strong><em>τὰ</em></strong></span> <span class='ocrx_word' id='word_1_71' title='bbox 464 1237 575 1325; x_wconf 90' lang='grc' dir='ltr'><strong><em>σκάφη</em></strong></span> <span class='ocrx_word' id='word_1_72' title='bbox 594 1240 890 1367; x_wconf 79' lang='grc' dir='ltr'><strong><em>βαρυνομένην</em></strong></span> <span class='ocrx_word' id='word_1_73' title='bbox 851 1266 891 1328; x_wconf 89' lang='grc' dir='ltr'><strong><em>τη</em></strong></span> <span class='ocrx_word' id='word_1_74' title='bbox 914 1238 1033 1328; x_wconf 82' lang='grc' dir='ltr'><strong><em>πλάνη.</em></strong></span> <span class='ocrx_word' id='word_1_75' title='bbox 1070 1237 1232 1327; x_wconf 79' lang='grc' dir='ltr'><strong><em>ὁμολογεῖ</em></strong></span> 
     </span>
     <span class='ocr_line' id='line_1_11' title="bbox 173 1313 1229 1469; baseline 0 -55"><span class='ocrx_word' id='word_1_76' title='bbox 173 1313 246 1441; x_wconf 52' lang='grc' dir='ltr'><strong><em>ᾖδ’</em></strong></span> <span class='ocrx_word' id='word_1_77' title='bbox 263 1343 353 1438; x_wconf 78' lang='grc' dir='ltr'><strong><em>αὐτῷ</em></strong></span> <span class='ocrx_word' id='word_1_78' title='bbox 377 1346 434 1414; x_wconf 83' lang='grc' dir='ltr'><strong><em>καὶ</em></strong></span> <span class='ocrx_word' id='word_1_79' title='bbox 449 1341 664 1434; x_wconf 91' lang='grc' dir='ltr'><strong><em>Δαμαστης</em></strong></span> <span class='ocrx_word' id='word_1_80' title='bbox 650 1371 668 1412; x_wconf 94' lang='grc' dir='ltr'><strong><em>ο</em></strong></span> <span class='ocrx_word' id='word_1_81' title='bbox 687 1343 811 1431; x_wconf 81' lang='grc' dir='ltr'><strong><em>Σιγεὺς</em></strong></span> <span class='ocrx_word' id='word_1_82' title='bbox 829 1345 885 1412; x_wconf 81' lang='grc' dir='ltr'><strong><em>καὶ</em></strong></span> <span class='ocrx_word' id='word_1_83' title='bbox 903 1343 1000 1414; x_wconf 81' lang='grc' dir='ltr'><strong><em>ἀλλον</em></strong></span> <span class='ocrx_word' id='word_1_84' title='bbox 1018 1348 1116 1425; x_wconf 88' lang='grc' dir='ltr'><strong><em>τινές.</em></strong></span> <span class='ocrx_word' id='word_1_85' title='bbox 1146 1343 1229 1469; x_wconf 83' lang='grc' dir='ltr'><strong><em>Ἀρι-</em></strong></span> 
     </span>
     <span class='ocr_line' id='line_1_12' title="bbox 213 1450 1280 1542; baseline -0.005 -21"><span class='ocrx_word' id='word_1_86' title='bbox 213 1455 369 1539; x_wconf 83' lang='grc' dir='ltr'><strong><em>στοτίλης</em></strong></span> <span class='ocrx_word' id='word_1_87' title='bbox 396 1451 476 1521; x_wconf 77' lang='grc' dir='ltr'><strong><em>δέ</em></strong></span> <span class='ocrx_word' id='word_1_88' title='bbox 461 1479 479 1521; x_wconf 94' lang='lat'>0</span> <span class='ocrx_word' id='word_1_89' title='bbox 504 1451 695 1540; x_wconf 88' lang='grc' dir='ltr'><strong><em>φιλόσοφος</em></strong></span> <span class='ocrx_word' id='word_1_90' title='bbox 714 1450 855 1539; x_wconf 79' lang='grc' dir='ltr'><strong><em>Ἀχαιῶν</em></strong></span> <span class='ocrx_word' id='word_1_91' title='bbox 882 1477 977 1531; x_wconf 90' lang='grc' dir='ltr'><strong><em>τινας</em></strong></span> <span class='ocrx_word' id='word_1_92' title='bbox 1000 1456 1129 1542; x_wconf 86' lang='grc' dir='ltr'><strong><em>ίστορεί</em></strong></span> <span class='ocrx_word' id='word_1_93' title='bbox 1153 1478 1224 1520; x_wconf 93' lang='grc' dir='ltr'><strong><em>των</em></strong></span> <span class='ocrx_word' id='word_1_94' title='bbox 1232 1467 1280 1518; x_wconf 82' lang='lat'><strong><em>182</em></strong></span> 
     </span>
     <span class='ocr_line' id='line_1_13' title="bbox 213 1557 1229 1648; baseline 0 -21"><span class='ocrx_word' id='word_1_95' title='bbox 213 1558 278 1628; x_wconf 87' lang='grc' dir='ltr'><strong><em>ἀπὸ</em></strong></span> <span class='ocrx_word' id='word_1_96' title='bbox 316 1565 438 1648; x_wconf 90' lang='grc' dir='ltr'><strong><em>Τροίας</em></strong></span> <span class='ocrx_word' id='word_1_97' title='bbox 469 1557 771 1644; x_wconf 81' lang='grc' dir='ltr'><strong><em>ἀνακομισαμένων</em></strong></span> <span class='ocrx_word' id='word_1_98' title='bbox 803 1562 1040 1647; x_wconf 85' lang='grc' dir='ltr'><strong><em>περιπλέοντας</em></strong></span> <span class='ocrx_word' id='word_1_99' title='bbox 1072 1559 1229 1645; x_wconf 78' lang='grc' dir='ltr'><strong><em>Μαλέαν,</em></strong></span> 
     </span>
     <span class='ocr_line' id='line_1_14' title="bbox 213 1663 1228 1756; baseline 0 -22"><span class='ocrx_word' id='word_1_100' title='bbox 213 1672 324 1734; x_wconf 80' lang='grc' dir='ltr'><strong><em>ἔπειτα</em></strong></span> <span class='ocrx_word' id='word_1_101' title='bbox 354 1675 492 1752; x_wconf 80' lang='grc' dir='ltr'><strong><em>χειμῶνι</em></strong></span> <span class='ocrx_word' id='word_1_102' title='bbox 521 1671 621 1756; x_wconf 85' lang='grc' dir='ltr'><strong><em>βιαίφ</em></strong></span> <span class='ocrx_word' id='word_1_103' title='bbox 651 1666 929 1751; x_wconf 80' lang='grc' dir='ltr'><strong><em>καταληφθέντας</em></strong></span> <span class='ocrx_word' id='word_1_104' title='bbox 954 1667 1036 1744; x_wconf 90' lang='grc' dir='ltr'><strong><em>τέως</em></strong></span> <span class='ocrx_word' id='word_1_105' title='bbox 1068 1664 1129 1751; x_wconf 72' lang='grc' dir='ltr'><strong><em>μέν</em></strong></span> <span class='ocrx_word' id='word_1_106' title='bbox 1161 1663 1228 1734; x_wconf 85' lang='grc' dir='ltr'><strong><em>ὑπὸ</em></strong></span> 
     </span>
     <span class='ocr_line' id='line_1_15' title="bbox 213 1771 1231 1860; baseline -0.001 -19"><span class='ocrx_word' id='word_1_107' title='bbox 213 1777 281 1843; x_wconf 76' lang='grc' dir='ltr'><strong><em>τῶν</em></strong></span> <span class='ocrx_word' id='word_1_108' title='bbox 313 1771 514 1859; x_wconf 81' lang='grc' dir='ltr'><strong><em>πνευμάτων</em></strong></span> <span class='ocrx_word' id='word_1_109' title='bbox 547 1771 756 1859; x_wconf 84' lang='grc' dir='ltr'><strong><em>φερομένους</em></strong></span> <span class='ocrx_word' id='word_1_110' title='bbox 790 1775 938 1860; x_wconf 77' lang='grc' dir='ltr'><strong><em>πολλαχῇ</em></strong></span> <span class='ocrx_word' id='word_1_111' title='bbox 970 1776 1031 1840; x_wconf 86' lang='grc' dir='ltr'><strong><em>τοῦ</em></strong></span> <span class='ocrx_word' id='word_1_112' title='bbox 1059 1772 1231 1858; x_wconf 77' lang='grc' dir='ltr'><strong><em>πελάγους</em></strong></span> 
     </span>
     <span class='ocr_line' id='line_1_16' title="bbox 175 1875 1230 1964; baseline 0 -18"><span class='ocrx_word' id='word_1_113' title='bbox 175 1897 201 1938; x_wconf 77' lang='lat'><strong><em>15</em></strong></span> <span class='ocrx_word' id='word_1_114' title='bbox 214 1882 425 1964; x_wconf 82' lang='grc' dir='ltr'><strong><em>πλανᾶσθαι,</em></strong></span> <span class='ocrx_word' id='word_1_115' title='bbox 466 1881 689 1958; x_wconf 73' lang='grc' dir='ltr'><strong><em>τελευτῶντας</em></strong></span> <span class='ocrx_word' id='word_1_116' title='bbox 726 1875 757 1945; x_wconf 80' lang='grc' dir='ltr'><strong><em>θ’</em></strong></span> <span class='ocrx_word' id='word_1_117' title='bbox 793 1879 907 1946; x_wconf 77' lang='grc' dir='ltr'><strong><em>ἐλθεῖν</em></strong></span> <span class='ocrx_word' id='word_1_118' title='bbox 944 1882 991 1958; x_wconf 87' lang='grc' dir='ltr'><strong><em>είς</em></strong></span> <span class='ocrx_word' id='word_1_119' title='bbox 1027 1877 1086 1946; x_wconf 90' lang='grc' dir='ltr'><strong><em>τὸν</em></strong></span> <span class='ocrx_word' id='word_1_120' title='bbox 1122 1878 1230 1948; x_wconf 90' lang='grc' dir='ltr'><strong><em>τόπον</em></strong></span> 
     </span>
     <span class='ocr_line' id='line_1_17' title="bbox 213 1981 1230 2077; baseline 0 -23"><span class='ocrx_word' id='word_1_121' title='bbox 213 1989 335 2056; x_wconf 81' lang='grc' dir='ltr'><strong><em>τοῦτον</em></strong></span> <span class='ocrx_word' id='word_1_122' title='bbox 367 1989 427 2072; x_wconf 75' lang='grc' dir='ltr'><strong><em>τῆς</em></strong></span> <span class='ocrx_word' id='word_1_123' title='bbox 455 1983 600 2072; x_wconf 80' lang='grc' dir='ltr'><strong><em>Ὀπικῆς,</em></strong></span> <span class='ocrx_word' id='word_1_124' title='bbox 639 1981 676 2064; x_wconf 80' lang='grc' dir='ltr'><strong><em>ὃς</em></strong></span> <span class='ocrx_word' id='word_1_125' title='bbox 709 1993 856 2052; x_wconf 81' lang='grc' dir='ltr'><strong><em>καλεῖται</em></strong></span> <span class='ocrx_word' id='word_1_126' title='bbox 894 1990 1056 2054; x_wconf 85' lang='grc' dir='ltr'><strong><em>Λατίνιον</em></strong></span> <span class='ocrx_word' id='word_1_127' title='bbox 1093 1985 1145 2053; x_wconf 79' lang='grc' dir='ltr'><strong><em>ἐπὶ</em></strong></span> <span class='ocrx_word' id='word_1_128' title='bbox 1181 1991 1230 2077; x_wconf 75' lang='grc' dir='ltr'><strong><em>τῷ</em></strong></span> 
     </span>
     <span class='ocr_line' id='line_1_18' title="bbox 173 2089 1230 2183; baseline 0.002 -25"><span class='ocrx_word' id='word_1_129' title='bbox 173 2095 195 2158; x_wconf 88' lang='grc'>4</span> <span class='ocrx_word' id='word_1_130' title='bbox 218 2101 416 2183; x_wconf 76' lang='grc' dir='ltr'><strong><em>Τυρρηνικῷ</em></strong></span> <span class='ocrx_word' id='word_1_131' title='bbox 443 2090 578 2176; x_wconf 81' lang='grc' dir='ltr'><strong><em>πελάγει</em></strong></span> <span class='ocrx_word' id='word_1_132' title='bbox 606 2096 764 2177; x_wconf 85' lang='grc' dir='ltr'><strong><em>κείμενος.</em></strong></span> <span class='ocrx_word' id='word_1_133' title='bbox 814 2089 981 2178; x_wconf 81' lang='grc' dir='ltr'><strong><em>ἀσμένους</em></strong></span> <span class='ocrx_word' id='word_1_134' title='bbox 1008 2090 1046 2159; x_wconf 69' lang='grc' dir='ltr'><strong><em>δέ</em></strong></span> <span class='ocrx_word' id='word_1_135' title='bbox 1072 2089 1134 2178; x_wconf 79' lang='grc' dir='ltr'><strong><em>τὴν</em></strong></span> <span class='ocrx_word' id='word_1_136' title='bbox 1163 2096 1230 2179; x_wconf 81' lang='grc' dir='ltr'><strong><em>γῆν</em></strong></span> 
     </span>
     <span class='ocr_line' id='line_1_19' title="bbox 214 2195 1231 2330; baseline 0 -64"><span class='ocrx_word' id='word_1_137' title='bbox 214 2199 350 2278; x_wconf 76' lang='grc' dir='ltr'><strong><em>ἰδόντας</em></strong></span> <span class='ocrx_word' id='word_1_138' title='bbox 372 2196 557 2266; x_wconf 83' lang='grc' dir='ltr'><strong><em>ἀνελκῦσαί</em></strong></span> <span class='ocrx_word' id='word_1_139' title='bbox 576 2223 611 2265; x_wconf 86' lang='grc' dir='ltr'><strong><em>τε</em></strong></span> <span class='ocrx_word' id='word_1_140' title='bbox 633 2196 692 2276; x_wconf 84' lang='grc' dir='ltr'><strong><em>τάς</em></strong></span> <span class='ocrx_word' id='word_1_141' title='bbox 718 2199 803 2276; x_wconf 81' lang='grc' dir='ltr'><strong><em>ναός</em></strong></span> <span class='ocrx_word' id='word_1_142' title='bbox 830 2195 953 2266; x_wconf 80' lang='grc' dir='ltr'><strong><em>αὐτόθι</em></strong></span> <span class='ocrx_word' id='word_1_143' title='bbox 975 2199 1031 2266; x_wconf 82' lang='grc' dir='ltr'><strong><em>καὶ</em></strong></span> <span class='ocrx_word' id='word_1_144' title='bbox 1055 2201 1231 2330; x_wconf 73' lang='grc' dir='ltr'><strong><em>θιατρϊηαι</em></strong></span> 
     </span>
     <span class='ocr_line' id='line_1_20' title="bbox 212 2302 1230 2434; baseline 0 -62"><span class='ocrx_word' id='word_1_145' title='bbox 212 2331 275 2393; x_wconf 89' lang='grc' dir='ltr'><strong><em>την</em></strong></span> <span class='ocrx_word' id='word_1_146' title='bbox 306 2302 500 2392; x_wconf 80' lang='grc' dir='ltr'><strong><em>χειμερινὴν</em></strong></span> <span class='ocrx_word' id='word_1_147' title='bbox 532 2331 625 2392; x_wconf 91' lang='grc' dir='ltr'><strong><em>ωραν</em></strong></span> <span class='ocrx_word' id='word_1_148' title='bbox 657 2306 1010 2402; x_wconf 78' lang='grc' dir='ltr'><strong><em>παρασκευαζομένους</em></strong></span> <span class='ocrx_word' id='word_1_149' title='bbox 1042 2303 1189 2434; x_wconf 83' lang='grc' dir='ltr'><strong><em>ἔαρος’</em></strong></span> <span class='ocrx_word' id='word_1_150' title='bbox 1171 2332 1230 2393; x_wconf 92' lang='grc' dir='ltr'><strong><em>αρ-</em></strong></span> 
     </span>
     <span class='ocr_line' id='line_1_21' title="bbox 166 2399 1230 2500; baseline 0.001 -22"><span class='ocrx_word' id='word_1_151' title='bbox 166 2421 204 2470; x_wconf 84' lang='lat'><strong><em>&#39;20</em></strong></span> <span class='ocrx_word' id='word_1_152' title='bbox 217 2413 363 2498; x_wconf 89' lang='grc' dir='ltr'><strong><em>χομένου</em></strong></span> <span class='ocrx_word' id='word_1_153' title='bbox 390 2418 497 2478; x_wconf 84' lang='grc' dir='ltr'><strong><em>πλείν.</em></strong></span> <span class='ocrx_word' id='word_1_154' title='bbox 548 2399 806 2500; x_wconf 73' lang='grc' dir='ltr'><strong><em>ἐμπρησθεισῶν</em></strong></span> <span class='ocrx_word' id='word_1_155' title='bbox 834 2409 872 2478; x_wconf 75' lang='grc' dir='ltr'><strong><em>δέ</em></strong></span> <span class='ocrx_word' id='word_1_156' title='bbox 899 2408 1013 2490; x_wconf 79' lang='grc' dir='ltr'><strong><em>αὐτοῖς</em></strong></span> <span class='ocrx_word' id='word_1_157' title='bbox 1034 2407 1099 2478; x_wconf 82' lang='grc' dir='ltr'><strong><em>ὑπὸ</em></strong></span> <span class='ocrx_word' id='word_1_158' title='bbox 1124 2410 1230 2479; x_wconf 86' lang='grc' dir='ltr'><strong><em>νόκτα</em></strong></span> 
     </span>
     <span class='ocr_line' id='line_1_22' title="bbox 214 2487 1230 2614; baseline 0.002 -30"><span class='ocrx_word' id='word_1_159' title='bbox 214 2542 282 2584; x_wconf 89' lang='grc' dir='ltr'><strong><em>των</em></strong></span> <span class='ocrx_word' id='word_1_160' title='bbox 305 2519 393 2584; x_wconf 80' lang='grc' dir='ltr'><strong><em>νεάν</em></strong></span> <span class='ocrx_word' id='word_1_161' title='bbox 417 2513 479 2585; x_wconf 86' lang='grc' dir='ltr'><strong><em>οάκ</em></strong></span> <span class='ocrx_word' id='word_1_162' title='bbox 498 2515 676 2603; x_wconf 77' lang='grc' dir='ltr'><strong><em>έχοντας“</em></strong></span> <span class='ocrx_word' id='word_1_163' title='bbox 657 2541 747 2614; x_wconf 85' lang='grc' dir='ltr'><strong><em>οπως</em></strong></span> <span class='ocrx_word' id='word_1_164' title='bbox 764 2516 963 2604; x_wconf 85' lang='grc' dir='ltr'><strong><em>ποιήσονται</em></strong></span> <span class='ocrx_word' id='word_1_165' title='bbox 986 2515 1048 2604; x_wconf 84' lang='grc' dir='ltr'><strong><em>τὴν</em></strong></span> <span class='ocrx_word' id='word_1_166' title='bbox 1070 2487 1230 2608; x_wconf 81' lang='grc' dir='ltr'><strong><em>άπαρσιν,</em></strong></span> 
     </span>
     <span class='ocr_line' id='line_1_23' title="bbox 215 2609 1229 2716; baseline 0.003 -26"><span class='ocrx_word' id='word_1_167' title='bbox 215 2619 434 2713; x_wconf 85' lang='grc' dir='ltr'><strong><em>ἀβουλητφ’</em></strong></span> <span class='ocrx_word' id='word_1_168' title='bbox 415 2621 545 2712; x_wconf 88' lang='grc' dir='ltr'><strong><em>ανάγκη</em></strong></span> <span class='ocrx_word' id='word_1_169' title='bbox 563 2649 642 2703; x_wconf 91' lang='grc' dir='ltr'><strong><em>τους</em></strong></span> <span class='ocrx_word' id='word_1_170' title='bbox 664 2609 760 2710; x_wconf 90' lang='grc' dir='ltr'><strong><em>βίους</em></strong></span> <span class='ocrx_word' id='word_1_171' title='bbox 778 2613 861 2692; x_wconf 91' lang='grc' dir='ltr'><strong><em>έν</em></strong></span> <span class='ocrx_word' id='word_1_172' title='bbox 835 2651 861 2714; x_wconf 84' lang='grc' dir='ltr'><strong><em>φ</em></strong></span> <span class='ocrx_word' id='word_1_173' title='bbox 879 2622 1097 2710; x_wconf 78' lang='grc' dir='ltr'><strong><em>κατήχθησαν</em></strong></span> <span class='ocrx_word' id='word_1_174' title='bbox 1116 2629 1229 2716; x_wconf 78' lang='grc' dir='ltr'><strong><em>χωρίῳ</em></strong></span> 
     </span>
     <span class='ocr_line' id='line_1_24' title="bbox 215 2726 1232 2860; baseline 0.003 -65"><span class='ocrx_word' id='word_1_175' title='bbox 215 2727 432 2817; x_wconf 80' lang='grc' dir='ltr'><strong><em>ίδρύσασθαι.</em></strong></span> <span class='ocrx_word' id='word_1_176' title='bbox 474 2733 644 2817; x_wconf 77' lang='grc' dir='ltr'><strong><em>συμβῆναι</em></strong></span> <span class='ocrx_word' id='word_1_177' title='bbox 668 2730 706 2798; x_wconf 75' lang='grc' dir='ltr'><strong><em>βε</em></strong></span> <span class='ocrx_word' id='word_1_178' title='bbox 729 2726 843 2810; x_wconf 81' lang='grc' dir='ltr'><strong><em>αὐτοῖς</em></strong></span> <span class='ocrx_word' id='word_1_179' title='bbox 864 2732 964 2798; x_wconf 79' lang='grc' dir='ltr'><strong><em>τοῦτο</em></strong></span> <span class='ocrx_word' id='word_1_180' title='bbox 990 2727 1046 2798; x_wconf 82' lang='grc' dir='ltr'><strong><em>θιά</em></strong></span> <span class='ocrx_word' id='word_1_181' title='bbox 1068 2744 1232 2860; x_wconf 82' lang='grc' dir='ltr'><strong><em>γηναίκας</em></strong></span> 
     </span>
     <span class='ocr_line' id='line_1_25' title="bbox 214 2833 1231 2924; baseline 0.003 -22"><span class='ocrx_word' id='word_1_182' title='bbox 214 2833 498 2924; x_wconf 87' lang='grc' dir='ltr'><strong><em>αίχμαλωτους,</em></strong></span> <span class='ocrx_word' id='word_1_183' title='bbox 477 2863 516 2916; x_wconf 91' lang='grc' dir='ltr'><strong><em>ας</em></strong></span> <span class='ocrx_word' id='word_1_184' title='bbox 540 2834 704 2924; x_wconf 79' lang='grc' dir='ltr'><strong><em>ἔτυχου”</em></strong></span> <span class='ocrx_word' id='word_1_185' title='bbox 683 2862 822 2922; x_wconf 87' lang='grc' dir='ltr'><strong><em>αγοντες</em></strong></span> <span class='ocrx_word' id='word_1_186' title='bbox 846 2839 878 2918; x_wconf 78' lang='grc' dir='ltr'><strong><em>ἐξ</em></strong></span> <span class='ocrx_word' id='word_1_187' title='bbox 899 2833 1010 2904; x_wconf 86' lang='grc' dir='ltr'><strong><em>Ἰλίου.</em></strong></span> <span class='ocrx_word' id='word_1_188' title='bbox 1046 2835 1169 2917; x_wconf 83' lang='grc' dir='ltr'><strong><em>ταύτας</em></strong></span> <span class='ocrx_word' id='word_1_189' title='bbox 1193 2838 1231 2905; x_wconf 75' lang='grc' dir='ltr'><strong><em>δὲ</em></strong></span> 
     </span>
     <span class='ocr_line' id='line_1_26' title="bbox 174 2940 1230 3030; baseline 0.002 -20"><span class='ocrx_word' id='word_1_190' title='bbox 174 2961 200 3002; x_wconf 76' lang='lat'><strong><em>2⁵</em></strong></span> <span class='ocrx_word' id='word_1_191' title='bbox 214 2945 420 3010; x_wconf 81' lang='grc' dir='ltr'><strong><em>κατακαῦσαι</em></strong></span> <span class='ocrx_word' id='word_1_192' title='bbox 456 2941 497 3010; x_wconf 87' lang='grc' dir='ltr'><strong><em>τά</em></strong></span> <span class='ocrx_word' id='word_1_193' title='bbox 528 2951 628 3010; x_wconf 84' lang='grc' dir='ltr'><strong><em>πλοία</em></strong></span> <span class='ocrx_word' id='word_1_194' title='bbox 660 2944 876 3030; x_wconf 83' lang='grc' dir='ltr'><strong><em>φοβουμένας</em></strong></span> <span class='ocrx_word' id='word_1_195' title='bbox 911 2940 973 3029; x_wconf 78' lang='grc' dir='ltr'><strong><em>τὴν</em></strong></span> <span class='ocrx_word' id='word_1_196' title='bbox 1011 2946 1125 3010; x_wconf 78' lang='grc' dir='ltr'><strong><em>οἴκαδε</em></strong></span> <span class='ocrx_word' id='word_1_197' title='bbox 1160 2948 1230 3012; x_wconf 79' lang='grc' dir='ltr'><strong><em>τῶν</em></strong></span> 
     </span>
     <span class='ocr_line' id='line_1_27' title="bbox 175 3043 1230 3137; baseline 0.002 -21"><span class='ocrx_word' id='word_1_198' title='bbox 175 3043 355 3135; x_wconf 71' lang='grc' dir='ltr'><strong><em>5Ἀχαιοόν</em></strong></span> <span class='ocrx_word' id='word_1_199' title='bbox 378 3046 541 3137; x_wconf 78' lang='grc' dir='ltr'><strong><em>ἄπαρσιν,</em></strong></span> <span class='ocrx_word' id='word_1_200' title='bbox 568 3046 611 3129; x_wconf 78' lang='grc' dir='ltr'><strong><em>ὥς</em></strong></span> <span class='ocrx_word' id='word_1_201' title='bbox 634 3044 684 3128; x_wconf 52' lang='lat' dir='ltr'><strong><em>effi</em></strong></span> <span class='ocrx_word' id='word_1_202' title='bbox 704 3052 862 3116; x_wconf 75' lang='grc' dir='ltr'><strong><em>δουλείαν</em></strong></span> <span class='ocrx_word' id='word_1_203' title='bbox 885 3047 1097 3136; x_wconf 82' lang='grc' dir='ltr'><strong><em>ἀφιξομένας.</em></strong></span> <span class='ocrx_word' id='word_1_204' title='bbox 1139 3057 1230 3118; x_wconf 87' lang='grc' dir='ltr'><strong><em>Καλ-</em></strong></span> 
     </span>
     <span class='ocr_line' id='line_1_28' title="bbox 214 3153 1282 3244; baseline -0.003 -21.937"><span class='ocrx_word' id='word_1_205' title='bbox 214 3160 288 3234; x_wconf 93' lang='grc' dir='ltr'><strong><em>λίας</em></strong></span> <span class='ocrx_word' id='word_1_206' title='bbox 319 3155 357 3222; x_wconf 70' lang='grc' dir='ltr'><strong><em>δὲ</em></strong></span> <span class='ocrx_word' id='word_1_207' title='bbox 380 3153 398 3222; x_wconf 87' lang='grc' dir='ltr'><strong><em>ό</em></strong></span> <span class='ocrx_word' id='word_1_208' title='bbox 427 3153 485 3234; x_wconf 87' lang='grc' dir='ltr'><strong><em>τάς</em></strong></span> <span class='ocrx_word' id='word_1_209' title='bbox 505 3153 748 3242; x_wconf 82' lang='grc' dir='ltr'><strong><em>Ἀγαθοκλέους</em></strong></span> <span class='ocrx_word' id='word_1_210' title='bbox 774 3154 908 3244; x_wconf 81' lang='grc' dir='ltr'><strong><em>πράξεις</em></strong></span> <span class='ocrx_word' id='word_1_211' title='bbox 931 3153 1128 3243; x_wconf 82' lang='grc' dir='ltr'><strong><em>ἀναγράψας</em></strong></span> <span class='ocrx_word' id='word_1_212' title='bbox 1147 3153 1224 3224; x_wconf 81' lang='grc' dir='ltr'><strong><em>Ῥό-</em></strong></span> <span class='ocrx_word' id='word_1_213' title='bbox 1233 3171 1282 3221; x_wconf 85' lang='grc'><strong><em>183</em></strong></span> 
     </span>
    </p>
   </div>
   <div class='ocr_carea' id='block_1_3' title="bbox 216 3343 1231 3560">
    <p class='ocr_par' dir='ltr' id='par_1_3' title="bbox 216 3343 1231 3560">
     <span class='ocr_line' id='line_1_29' title="bbox 286 3343 1230 3440; baseline 0.001 -36"><span class='ocrx_word' id='word_1_214' title='bbox 286 3345 488 3404; x_wconf 79' lang='grc' dir='ltr'><strong><em>ῦόθυσσέαΒ</em></strong></span> <span class='ocrx_word' id='word_1_215' title='bbox 515 3343 656 3412; x_wconf 80' lang='grc' dir='ltr'><strong><em>όδυσσέως</em></strong></span> <span class='ocrx_word' id='word_1_216' title='bbox 675 3351 700 3403; x_wconf 85' lang='lat' dir='ltr'>R</span> <span class='ocrx_word' id='word_1_217' title='bbox 772 3345 836 3404; x_wconf 66' lang='lat'><strong><em>⁷6⁵</em></strong></span> <span class='ocrx_word' id='word_1_218' title='bbox 858 3347 977 3440; x_wconf 81' lang='grc' dir='ltr'><strong><em>έλεγεΒ</em></strong></span> <span class='ocrx_word' id='word_1_219' title='bbox 1049 3345 1139 3414; x_wconf 85' lang='grc' dir='ltr'><strong><em>9τάς</em></strong></span> <span class='ocrx_word' id='word_1_220' title='bbox 1163 3369 1230 3406; x_wconf 81' lang='grc' dir='ltr'><strong><em>σκα-</em></strong></span> 
     </span>
     <span class='ocr_line' id='line_1_30' title="bbox 216 3416 1231 3490; baseline 0.002 -16"><span class='ocrx_word' id='word_1_221' title='bbox 216 3416 311 3490; x_wconf 84' lang='grc' dir='ltr'><strong><em>φάςΒ</em></strong></span> <span class='ocrx_word' id='word_1_222' title='bbox 330 3420 456 3474; x_wconf 75' lang='lat' dir='ltr'><strong>defendit</strong></span> <span class='ocrx_word' id='word_1_223' title='bbox 470 3421 612 3474; x_wconf 74' lang='lat' dir='ltr'>Meutzner</span> <span class='ocrx_word' id='word_1_224' title='bbox 675 3427 708 3476; x_wconf 78' lang='lat'><strong><em>12</em></strong></span> <span class='ocrx_word' id='word_1_225' title='bbox 728 3439 829 3490; x_wconf 90' lang='grc' dir='ltr'><strong><em>κομισα</em></strong></span> <span class='ocrx_word' id='word_1_226' title='bbox 852 3441 924 3476; x_wconf 87' lang='grc' dir='ltr'><strong><em>ενων</em></strong></span> <span class='ocrx_word' id='word_1_227' title='bbox 939 3422 961 3475; x_wconf 91' lang='grc' dir='ltr'><strong>Β</strong></span> <span class='ocrx_word' id='word_1_228' title='bbox 1027 3427 1059 3476; x_wconf 88' lang='grc'><strong><em>16</em></strong></span> <span class='ocrx_word' id='word_1_229' title='bbox 1075 3424 1231 3478; x_wconf 85' lang='grc' dir='ltr'><strong><em>Λαουίνιον</em></strong></span> 
     </span>
     <span class='ocr_line' id='line_1_31' title="bbox 218 3485 866 3560; baseline 0 -14"><span class='ocrx_word' id='word_1_230' title='bbox 218 3509 240 3546; x_wconf 93' lang='grc' dir='ltr'><strong><em>ο.</em></strong></span> <span class='ocrx_word' id='word_1_231' title='bbox 261 3491 430 3560; x_wconf 80' lang='lat' dir='ltr'>Kiessling</span> <span class='ocrx_word' id='word_1_232' title='bbox 473 3497 507 3546; x_wconf 78' lang='lat'><strong><em>20</em></strong></span> <span class='ocrx_word' id='word_1_233' title='bbox 526 3485 708 3554; x_wconf 80' lang='grc' dir='ltr'><strong><em>ἀποπλεινο.</em></strong></span> <span class='ocrx_word' id='word_1_234' title='bbox 728 3491 823 3547; x_wconf 71' lang='lat' dir='ltr'><strong>Biiohe</strong></span> <span class='ocrx_word' id='word_1_235' title='bbox 837 3509 866 3546; x_wconf 81' lang='grc' dir='ltr'><strong><em>ετ</em></strong></span> 
     </span>
    </p>
   </div>
   <div class='ocr_carea' id='block_1_4' title="bbox 0 0 1340 3984">
    <p class='ocr_par' dir='ltr' id='par_1_4' title="bbox 0 0 1340 3984">
     <span class='ocr_line' id='line_1_32' title="bbox 0 0 1340 3984; baseline 0 0"><span class='ocrx_word' id='word_1_236' title='bbox 0 0 1340 3984; x_wconf 95' lang='lat' dir='ltr'><strong><em> </em></strong></span> 
     </span>
    </p>
   </div>
  </div>
 </body>
</html>
