2670 3984
192 254 258 320 130
616 257 780 308 -A-

190 413 252 502 μὲν
276 413 386 502 ὥσπερ
408 416 508 484 τέκνα
530 417 772 504 περιέπουσαν,
799 415 839 485 τᾶ
865 413 897 484 δ’
924 414 968 496 ὡς
991 413 1116 504 μητρὸς
1138 419 1206 500 ἐξε-

190 521 327 609 χόμενα,
350 522 532 609 δαιμόνιόν
554 549 587 590 τι
609 525 720 610 χρῆμα
744 519 829 611 ὁρᾶν
853 519 1083 610 ὑπολαβόντες
1105 525 1262 610 έγγν-νοε

189 631 274 717 τέρω
296 627 489 718 προσῄεσαν
512 627 637 716 ἀθρόοι
661 628 891 717 δεδιττόμενοι
920 635 985 718 βοῇ
1006 628 1045 699 τὸ
1068 636 1205 719 θηρίον.

189 733 210 823 ἡ
235 735 273 804 δὲ
300 735 444 804 λύκαινα
472 734 514 804 ού
541 735 630 823 μᾶλα
657 733 882 823 ἀγριαίνουσα
908 740 977 805 τιᾶν
1006 734 1204 824 ἀνθροόπων

148 867 163 906 ε
189 846 229 931 τῇ
251 841 425 936 προσόδῳ,
453 839 525 911 ἀλλ’
554 841 710 929 ὡσπερὰν
736 843 918 932 χειροήθης
940 841 1113 912 ἀποστᾶσα
1134 847 1204 912 πᾶν

188 953 326 1037 βρεφῶν
350 947 456 1038 ἠρέμα
477 951 534 1018 ιιαί
555 947 639 1018 κατά
657 949 787 1037 πολλὴν
806 948 947 1035 ἀλογίαν
969 954 1031 1020 τοῦ
1053 975 1204 1038 ποιμενι-

150 1060 252 1127 8κοᾶ
276 1052 397 1144 ὁμίλου
424 1054 532 1145 ἀπῄει.
576 1057 632 1124 καί
659 1048 704 1143 ἦν
730 1055 796 1145 γάρ
824 1083 875 1136 τις
898 1054 939 1125 ού
960 1055 1048 1125 πολὺ
1070 1054 1202 1144 ἀπέχων

189 1164 321 1234 ἐκεῖθεν
346 1159 435 1250 ίερὸς
457 1165 566 1249 χῶρος
587 1159 652 1250 ύλη
670 1167 796 1253 βαθείᾳ
814 1161 1008 1251 συνηρεφὴς
1027 1163 1083 1231 καὶ
1101 1166 1203 1252 πέτρα

188 1273 284 1354 κοίλη
307 1266 414 1354 πηγάς
436 1265 568 1336 ἀνιεῖσα
575 1318 585 1354 ,
609 1269 738 1354 ἐλέγετο
766 1266 805 1336 δὲ
827 1266 945 1348 Πανὸς
974 1267 1122 1338 εἶναιτὸ
1146 1268 1202 1338 νᾶ-

150 1410 175 1448 10
188 1397 265 1460 πος,
292 1375 351 1444 καὶ
374 1373 488 1462 βωμὸς
513 1366 558 1461 ἦν
586 1371 710 1442 αύτόθι
736 1376 798 1442 τοῦ
825 1377 925 1442 θεοῦ·
958 1379 1006 1454 είς
1031 1379 1132 1444 τοῦτο
1164 1373 1201 1443 τὸ

189 1485 315 1568 χωρίον
334 1483 484 1550 έλθούσα
501 1476 754 1568 ἀποκρύπτεται.
785 1478 823 1548 τὸ
843 1480 906 1568 μὲν
925 1473 988 1550 οὖν
1006 1479 1110 1561 ἄλσος
1127 1479 1201 1550 ούιι-

188 1589 236 1655 έτι
260 1589 422 1674 διαμένει,
445 1585 483 1655 τὸ
507 1586 545 1654 δὲ
568 1585 711 1676 ᾶντρον,
735 1587 768 1668 ἐξ
793 1579 834 1655 ού
856 1585 878 1673 ἡ
902 1585 998 1674 λιβᾶς
1021 1590 1202 1674 ἐκδίδοται,

186 1697 233 1787 τῷ
271 1700 475 1785 Παλλαντίῳ
516 1696 868 1784 προσῳκοδομημένον
911 1697 1082 1764 δείκνυται
1119 1693 1202 1764 κατὰ
1322 1693 1323 1704 ’

186 1798 249 1888 τὴν
272 1801 325 1870 ἐπὶ
347 1798 408 1870 τὸν
432 1799 645 1890 ἱππόδρομον
672 1802 846 1889 φέρουσαν
869 1798 965 1887 ὁδόν,
987 1803 1044 1870 καί
1065 1801 1203 1890 τέμενός

147 1907 279 1980 πίστιν
303 1905 409 1976 αὐτοῦ
430 1913 588 1995 πλησίον,
618 1913 704 1976 ἔνθα
733 1906 832 1976 είκάν
855 1921 959 1977 κεῖται
985 1912 1046 1977 τού
1069 1908 1203 1989 πόθους
1321 1999 1322 2002 ¹

186 2013 331 2082 λύκαινα
353 2018 502 2094 παιδίοις
521 2015 600 2082 δνσὶ
618 2013 697 2094 τούς
715 2013 861 2102 μαστούς
882 2016 1074 2102 ἐπίσχουσα,
1097 2019 1202 2102 χαλκᾶ

185 2121 354 2208 ποιήματα
381 2124 525 2201 παλαιᾶς
552 2121 716 2209 ἐργασίας.
765 2112 810 2208 ἦν
838 2119 876 2188 δὲ
903 2118 941 2189 τὸ
974 2126 1100 2209 χωρίον
1131 2125 1201 2190 τᾶν

186 2225 252 2296 σύν
274 2225 442 2317 Εύᾶνδρῳ
469 2225 549 2296 ποτὲ
576 2226 778 2296 οίκισάντιον
806 2225 888 2296 αύτδ
910 2226 1082 2319 Ἀρκύδυν
1106 2229 1202 2319 ίερὸν

146 2349 166 2412 9
187 2329 232 2413 ὡς
253 2335 391 2420 λέγεται.
433 2329 479 2413 ὡς
502 2332 540 2400 δὲ
558 2331 681 2420 ἀπέστη
704 2331 742 2403 τὸ
765 2339 892 2423 θηρίον
915 2343 1073 2424 αἴρουσιν
1092 2339 1128 2404 ολ
1144 2363 1201 2406 νο

146 2471 173 2512 τι
187 2443 259 2526 μείς
280 2439 321 2507 τᾶ
344 2441 454 2527 βρέφη
478 2437 632 2526 σπονδὴν
655 2439 854 2528 ποιούμενοι
876 2441 1012 2529 τρέφειν
1034 2439 1080 2523 ὡς
1101 2447 1257 2520 θεᾶνεοε

184 2541 269 2614 αύτᾶ
293 2545 459 2628 σώζεσθαι
477 2547 706 2633 βουλομένων.
742 2538 786 2634 ἦν
805 2548 846 2615 δέ
860 2573 911 2627 τις
933 2548 971 2616 ἐν
989 2545 1104 2628 αὐτοῖς
1122 2569 1202 2619 συο-

185 2656 340 2741 φορβίιον
384 2655 569 2739 βασιλικόν
614 2652 875 2742 ἐπιμελούμενος
923 2652 1068 2742 ἐπιεικὴς
1112 2653 1201 2744 ἀνὴρ
1292 2640 1294 2646 V

188 2758 376 2838 Φαιστύλος
399 2757 523 2847 όνομα,
552 2755 590 2840 ὃς
617 2761 654 2828 έν
681 2763 722 2849 τῇ
744 2759 841 2829 πόλει
863 2758 947 2829 κατὰ
976 2759 1019 2848 δή
1041 2787 1074 2830 τι
1096 2758 1202 2849 ἀναγ-

183 2878 283 2934 καίον
310 2864 458 2953 ἐγεγόνει
485 2863 565 2934 καθ’
592 2862 634 2935 δν
666 2865 793 2955 χρόνον
819 2864 841 2952 ἡ
868 2865 986 2955 φθορὰ
1013 2871 1073 2954 τῆς
1101 2865 1202 2950 Ἰλίας

143 2999 170 3042 νε
183 2971 240 3040 καὶ
259 2968 277 3040 ὁ
296 2970 394 3053 τόκος
411 2971 579 3060 ἠλέγχετο,
596 2973 653 3040 καί
672 2969 753 3059 μετὰ
771 2974 875 3040 ταῦτα
893 2975 1122 3061 κομιζομένων
1145 2977 1200 3044 ἐπὶ
1317 3029 1319 3038 s

183 3075 244 3147 τὸν
271 3077 422 3167 ποταμὸν
449 3083 517 3148 τᾶν
544 3082 681 3168 βρεφῶν
708 3092 779 3158 τοῖς
806 3080 971 3168 φέρουσιν
999 3077 1084 3148 αύτά
1115 3081 1200 3150 κατὰ

255 3309 481 3380 Ιπεριέπονσαν
508 3307 630 3380 ὃγλθυςρ
657 3309 839 3380 περισπῶσαν
862 3309 885 3365 Ο
970 3316 985 3365 7
1013 3310 1063 3365 καλ
1091 3327 1146 3368 om.
1174 3312 1198 3366 B

184 3385 217 3435 16
237 3375 433 3450 έπισχοᾶσαΒ
458 3382 462 3449 1
505 3377 636 3436 ᾶλκεαθ
719 3385 752 3436 18
771 3376 990 3449 οίκησάντωνΟ
1067 3387 1102 3436 20
1121 3377 1196 3438 αύτά

182 3446 355 3591 ΞόγςένίζιτφνΒΒ
404 3459 437 3508 21
455 3454 597 3518 συζεσθαι
615 3450 796 3524 βουλομένων
810 3453 902 3507 om.B
966 3457 1000 3508 25
1019 3447 1197 3524 η’λέγχετοΔ
