2660 3986
638 235 803 286 ..Γ-

215 387 350 458 ἀποικία
377 390 440 478 μὲν
467 383 512 478 ἦν
536 397 710 477 Λατίνων,
737 391 972 481 προσεχώρησε
998 393 1036 462 δὲ
1053 390 1226 481 Ῥωμαίοις

215 497 269 566 ἐπὶ
290 501 350 585 τῆς
368 494 542 586 Ῥωμύλου
565 503 777 579 δυναστείας·
813 504 1004 584 Ταρκυνίου
1027 501 1066 569 δὲ
1087 499 1149 587 τὴν
1171 499 1225 588 ἀρ

174 607 196 674 5
213 601 278 734 χην
299 603 554 692 παραλαβόντος
575 633 616 675 τα
602 604 788 674 Λατίνων
806 599 911 688 αὖθις
928 605 1050 695 ἤρξατο
1074 621 1224 694 φρονεῖν.

91 795 97 810 ι
214 708 257 779 ού
279 709 346 800 μὴν
370 712 488 799 ἐδέησέ
506 738 545 798 γε
566 713 623 780 καὶ
649 712 776 800 ταύτην
798 717 975 804 πολιορκίᾳ
996 739 1032 781 τε
1054 713 1215 802 παραστύ-
1204 733 1274 783 -545

187 807 342 886 σσαόδαι
367 819 425 888 καί
450 817 559 910 πόνφ·
591 818 761 906 μαθόντες
786 817 852 905 γὰρ
880 821 917 888 οἱ
936 825 1224 907 Κρουστομερῖνοι

213 923 252 992 τό
275 951 310 994 τε
332 929 464 1012 πλῆθος
485 929 544 1012 τῆς
570 922 717 1012 ἡκούσης
739 923 789 994 ἐπ’
816 923 940 1006 αύτούς
967 925 1143 1013 δυνάμεως
1169 928 1224 994 καὶ

212 1029 274 1118 τὴν
307 1033 434 1100 ἑαυτῶν
472 1029 654 1103 ἀσθένειαν
692 1029 852 1120 οὐδεμιᾶς
888 1029 1003 1112 αύτοῖς
1033 1033 1224 1121 ἐπικουρίας

212 1136 302 1224 παρὰ
328 1141 398 1206 τῶν
425 1137 540 1207 ἀλλων
566 1144 724 1208 Λατίνων
754 1135 961 1227 ἀφικομένης
987 1135 1139 1230 ἀνέῳξαν
1165 1137 1225 1218 τὰς

212 1242 319 1325 πύλας
341 1245 397 1313 καὶ
419 1243 648 1334 προελθόντες
674 1248 711 1313 oc
734 1245 956 1334 πρεσβύτατοι
982 1249 1050 1314 τῶν
1077 1248 1224 1314 πολιτῶν

172 1371 198 1411 10
211 1351 267 1419 καὶ
291 1350 484 1439 τιμιιότατοι
505 1353 698 1440 παρέδοσαν
726 1349 815 1444 αύτῷ
843 1350 906 1440 τὴν
928 1351 1029 1421 πόλιν
1051 1349 1225 1432 ἀξιοῦντες

173 1460 363 1538 6ἕπιεικοῖς
389 1477 486 1545 σφισι
513 1457 704 1547 χρήσασθαι
731 1459 788 1526 καὶ
815 1464 964 1547 μετρίως.
1013 1463 1058 1550 τῷ
1088 1458 1127 1527 δὲ
1148 1457 1220 1526 κατ’

211 1562 314 1653 εὐχὴν
335 1564 375 1635 τὸ
398 1569 534 1653 πρᾶγμα
557 1565 666 1652 ἐφάνη
694 1566 750 1634 καὶ
772 1564 954 1655 παρελθὼν
981 1569 1028 1646 είς
1054 1563 1093 1634 τὸ
1116 1580 1224 1654 τεῖχος
1315 1603 1316 1660 3

210 1668 382 1741 ἀπέκτεινε
413 1671 476 1758 μὲν
508 1670 633 1742 ούδίνα
647 1732 650 1738 ,
663 1677 984 1761 Κρουστομερίνων,
1017 1669 1153 1759 ὀλίγους
1186 1672 1225 1740 δὲ
1315 1669 1316 1730 J

209 1777 302 1846 πάνυ
332 1778 412 1859 τοὺς
443 1783 572 1860 αίτίους
606 1783 665 1866 τῆς
696 1777 910 1859 ἀποστάσεως
944 1792 1068 1867 φυγαῖς
1099 1776 1225 1859 ἀιδίοις

169 1903 196 1943 1⁵
211 1885 379 1972 ἐζημίωσε,
401 1899 472 1966 τοῖς
495 1883 527 1952 δ’
548 1883 663 1964 ἀλλοις
685 1883 787 1954 ἅπασι
809 1885 850 1955 τὰ
869 1886 1012 1973 σφέτερα
1034 1884 1224 1975 σννεχύρη-
1314 1967 1316 1976 ¹

210 2010 276 2076 σεν
301 1996 390 2080 ἔχειν
420 1993 477 2061 καὶ
507 1997 567 2080 τῆς
588 1989 761 2080 Ῥωμαίων
793 1998 961 2074 πολιτείας
996 1994 1144 2081 μετέχειν
1177 1991 1225 2074 ὡς

208 2097 389 2186 πρότερον,
412 2103 474 2168 τοῦ
498 2099 536 2168 δὲ
562 2099 669 2187 μηδὲν
693 2105 740 2168 ἔτι
762 2103 988 2190 παρακινῆσαι
1010 2098 1110 2188 χάριν
1132 2101 1225 2170 ἐποί·

208 2231 288 2286 ιιους
311 2204 426 2286 αὐτοῖς
447 2207 600 2275 κατέλιπε
615 2203 809 2295 Ῥωμαίους.

296 2313 332 2380 Ιι.
377 2309 425 2380 Τά
457 2311 490 2380 δ’
520 2308 605 2381 αύτά
639 2315 696 2382 καὶ
731 2321 973 2402 Νωμεντανοῖς
1008 2318 1225 2401 διανοηθεῖσι

167 2442 194 2484 ιο
207 2443 275 2486 των
298 2417 411 2488 αὐτῶν
433 2432 547 2506 τυχεῖν
565 2421 740 2506 ἐξεγένετο.
779 2418 893 2489 καί
855 2447 920 2551 γαρ
940 2413 1035 2490 οὗτοι
1053 2420 1275 2510 ληστηριασεο
1316 2431 1317 2486 Ι

206 2527 391 2612 πέμποντες
419 2528 472 2595 ἐπὶ
498 2524 579 2606 τοὺς
600 2524 773 2615 Ρωμαίων
805 2524 931 2617 ἀγροὺς
961 2528 1114 2615 πολέμιοι
1143 2554 1223 2596 κατ-
1316 2491 1317 2590 6

207 2633 351 2718 ε’στησαν
374 2630 489 2713 αύτοῖς
516 2634 552 2701 ἐκ
578 2639 642 2702 τοῦ
663 2638 862 2723 προφανοῦς
885 2646 959 2715 ταῖς
982 2639 1141 2704 Λατίνων
1162 2659 1222 2704 πε-
1316 2619 1317 2654 ¹

205 2737 363 2818 ποιθότες
394 2739 610 2827 συμμαχίαις·
646 2741 910 2830 στρατεύσαντος
941 2738 974 2816 δι’
1008 2737 1059 2809 ἐπ’
1095 2739 1225 2822 αύτούς

210 2850 400 2934 Ταρκυνίου
421 2846 477 2914 καί
499 2850 559 2934 τῆς
580 2851 739 2917 Λατίνων
762 2850 953 2938 ἐπικουρίας
982 2843 1223 2936 ὑστεριζούσης

166 2971 192 3013 25
206 2949 344 3039 ούχο
283 2945 344 3020 οἷο
346 2957 361 3020 ί
379 2978 416 3021 τε
439 2950 534 3034 ὄντες
556 2951 653 3022 αύτοὶ
671 2955 756 3100 πρὸς
773 2953 942 3043 τοσαύτην
961 2951 1145 3040 δύναμιν’
1126 2956 1223 3024 αντεΙ

277 3155 291 3203 1
308 3142 445 3221 Λίβανον
468 3166 491 3205 ο.
514 3148 658 3220 Kiessling
680 3095 790 3206 0011666
814 3150 908 3206 verbis
926 3151 962 3221 ΙΙ,
981 3156 1015 3206 36
1094 3151 1222 3204 ῖδυνα

204 3219 297 3282 στείας
319 3220 342 3275 Β
360 3222 513 3308 βασιλείας
535 3221 561 3275 R
650 3227 668 3276 4
693 3223 868 3292 πολιορκίαις
890 3221 913 3276 Β
941 3193 1116 3290 πολιορκίαις
1138 3240 1169 3276 τε
1196 3224 1223 3275 Δ

204 3296 280 3346 ὅπα
281 3287 555 3380 ραστήσ<ε>σδαιΒ
627 3243 917 3364 ΒάφικνουμίκηςΒ
990 3297 1046 3347 θπ
1064 3287 1222 3354 οελπδόντες

204 3361 326 3433 Sylburg
347 3357 554 3432 προσελθόντες
577 3362 601 3419 0
682 3369 718 3419 10
739 3361 904 3454 παρέδοσαν
927 3363 1016 3422 cobet
1038 3311 1222 3450 6bs.p.·10

202 3434 438 3502 παρεδίδοσανΟ
535 3439 568 3488 16
596 3434 725 3505 μετέχειν
750 3431 788 3500 ἀς
814 3433 954 3508 πρότερον
976 3435 1000 3489 Β
1027 3428 1065 3497 ὥς
1087 3451 1117 3488 π.
1141 3454 1169 3504 μ.
1184 3369 1224 3488 ⁷16

206 3508 239 3557 19
258 3522 308 3558 νο·
319 3504 510 3574 μεντανοῖςΒ
