2670 3984
545 271 713 324 ..Α-

115 429 153 498 δ’
179 433 218 499 ἐν
245 429 328 520 αὐτῇ
356 429 619 518 πολιτευόμενον
646 433 779 516 πλῆθος
805 426 826 516 ἡ
854 432 1048 499 καθελοῦσα
1075 427 1138 517 τὴν

113 537 329 625 ,μητρόπολιν
351 535 532 620 ὑπεδέξατο
550 533 669 624 Ῥάμη.
702 534 787 604 άλλά
800 539 904 604 ταῦτα
922 535 985 623 μὲν
1008 538 1045 606 ἐν
1067 550 1139 617 τοϊς

114 645 336 731 ίκνουμένοις
363 643 500 732 χρόνοις
528 645 675 731 ἐγένετο,
703 640 803 730 ἡνίκα
832 641 869 710 δέ
899 639 1031 734 ρίκίζετο
1054 640 1138 730 πρὸς

115 749 192 838 εῦρει
215 752 271 819 καί
294 757 396 840 λίμνη
418 749 670 837 κατεσκευάσθη
694 748 732 820 τὸ
756 751 860 837 μέσον
888 750 1053 836 ἐπέχουσα
1076 745 1136 836 άμ·

113 871 218 944 -φοῖν,
248 859 304 926 καλ
340 851 384 945 ἦν
414 856 525 945 ὥσπερ
560 862 651 945 τείχη
676 861 738 944 τῆς
769 855 898 936 πόλεως
924 858 1028 924 ταῦτα
1056 859 1163 924 δυσ-ε

113 963 252 1033 άλωτον
277 963 382 1052 αὐτὴν
405 969 577 1034 ποιοῦντα.
609 963 648 1034 τό
663 990 697 1032 τε
711 961 776 1052 γάρ
800 961 880 1051 ὅρος
894 965 931 1032 ἐν
953 976 1023 1042 τοῖς
1045 961 1136 1030 πάνυ

120 1068 248 1158 ὀχυρόν
275 1097 311 1138 τε
337 1071 393 1138 καὶ
420 1068 555 1158 ὑψηλόν
583 1072 675 1140 ἐστιν
697 1066 719 1155 ἦ
742 1094 777 1138 τε
805 1073 906 1156 λίμνη
934 1074 1058 1156 βαθεῖα
1080 1069 1136 1138 καὶ

112 1176 262 1264 μεγάλη,
289 1177 346 1244 καὶ
369 1174 475 1265 αὐτὴν
504 1175 561 1246 διὰ
583 1174 769 1245 κλισιάδων
792 1173 1027 1264 ἀνοιγομένων
1054 1171 1136 1244 ῦπο-

119 1284 250 1370 δέχεται
280 1282 320 1352 τὸ
351 1287 470 1352 πεδίον
502 1284 755 1372 ταμιευομένων
788 1278 917 1351 ὁπόσον
953 1281 1137 1368 βούλονται

118 1393 187 1458 τάν
210 1388 406 1479 ἀνθρώπων
428 1389 466 1459 τὸ
481 1388 585 1478 ῦδωρ.
620 1387 793 1459 ὑπόκειται
813 1388 851 1458 δέ
869 1392 908 1477 τῇ
927 1387 1023 1458 πόλει
1036 1390 1136 1456 πεδία

118 1495 300 1582 θαυμαστά
323 1497 385 1584 μὲν
409 1501 507 1583 ἰδεῖν,
529 1495 675 1566 πλούσια
699 1494 737 1563 δέ
759 1495 815 1562 καὶ
840 1503 958 1575 οίνους
978 1495 1035 1564 καί
1057 1521 1136 1580 καρ-

118 1603 203 1682 ποῦς
226 1605 410 1692 ἐξενεγκεῖν
437 1602 675 1682 παντοδαποὺς
697 1603 752 1672 καὶ
776 1600 880 1672 οὐδέν
903 1603 1136 1688 ἐνδεεστέρους

118 1715 178 1798 τῆς
199 1709 304 1796 άλλης
324 1708 479 1797 Ἰταλίας,
509 1709 653 1798 μάλιστα
684 1709 722 1777 δὲ
750 1707 811 1778 τὸν
833 1707 1046 1795 καλούμενον
1066 1705 1136 1776 Ἀλ-

118 1815 228 1904 βανδν
262 1815 359 1886 οίνον
391 1814 480 1904 ἡδῦν
506 1817 563 1885 καὶ
594 1815 715 1902 καλόν,
753 1817 814 1897 ἐξω
848 1818 909 1882 τοῦ
945 1819 1137 1902 Φαλερίνου

1155 1360 1175 1424 3

1150 1448 1177 1488 10

118 1927 306 2012 λεγομένου
326 1927 396 1993 τῶν
419 1927 505 2010 γοῦν
528 1921 642 1992 ἄλλων
664 1919 824 1992 ἁπάντων
848 1919 1113 2007 διαφορώτατον.
1150 1943 1176 1984 ιι

58 2041 119 2090 168
187 2033 322 2099 LXVII.
349 2029 406 2100 Ἐν
431 2030 469 2098 δὲ
490 2034 531 2119 τῇ
553 2035 658 2099 κτίσει
679 2035 739 2116 τῆς
760 2026 889 2107 πόλεως
910 2031 1028 2114 θαῦμα
1046 2030 1136 2115 μέγι-

119 2157 201 2206 στου
224 2139 354 2224 λέγεται
377 2138 548 2223 γενέσθαι.
592 2137 923 2214 κατασκευασθέντος
948 2148 1019 2213 τοῖς
1047 2136 1137 2202 ἕδεσι

117 2248 188 2312 τῦν
211 2249 317 2330 θεῶν,
342 2239 401 2324 οῦς
420 2248 559 2324 Αἰνείας
581 2245 617 2311 ἐκ
639 2247 698 2331 τῆς
716 2242 875 2330 Τρωάδος
896 2239 1058 2329 ἠνέγκατο
1080 2241 1136 2308 καὶ

118 2353 330 2438 καθίδρυσεν
364 2352 402 2418 ἐν
433 2353 479 2442 τῷ
508 2355 698 2443 Λαουϊνίῳ,
730 2353 817 2418 ναοῦ
848 2353 974 2436 χωρίον
1002 2353 1138 2434 ἔχοντος

119 2457 248 2544 ἄβατον
275 2458 332 2526 καὶ
357 2460 426 2527 τεόν
455 2456 650 2547 ἱδρυμάτων
679 2459 715 2526 ἐκ
743 2461 805 2526 τοῦ
828 2459 1018 2525 Λαουινίου
1040 2479 1136 2542 μετα-
1150 2485 1177 2525 εο

117 2565 354 2652 κομισθέντων
379 2566 428 2648 [ἐκ
447 2567 509 2634 τοῦ
523 2562 604 2650 νεοδ]
629 2569 676 2644 είς
697 2567 819 2633 τοῦτον
841 2562 903 2632 τὸν
927 2560 1047 2650 μυχόν,
1069 2557 1135 2628 ὑπὸ

117 2669 182 2758 τὴν
205 2673 367 2740 ἐπιοῦσαν
390 2670 495 2739 νύκτα
517 2672 760 2759 κεκλεισμένων
782 2696 818 2738 τε
839 2666 884 2750 ὡς
906 2669 1049 2757 μάλιστα
1066 2670 1135 2734 τῦν

116 2781 240 2864 θυρῶν
272 2777 328 2845 καὶ
361 2775 463 2846 οῦδὲν
495 2777 679 2846 παθόντων
718 2775 795 2845 οὔτε
831 2775 1021 2862 περιβόλων
1059 2772 1136 2842 οῦτε

116 2883 258 2972 ῦροιγῦν
292 2886 516 2970 διαμείψαντα
546 2883 587 2953 τὰ
614 2884 715 2971 βρέτη
747 2881 810 2970 τὴν
839 2881 958 2951 στάσιν
986 2883 1039 2950 ἐπὶ
1066 2884 1135 2949 τῶν

191 3037 375 3112 λάττέχουσα
391 3044 445 3098 AB
528 3050 543 3100 ’λ
568 3038 674 3114 όχυρόν
692 3063 719 3098 τι
737 3043 790 3097 ΑΒ
874 3049 907 3097 10
925 3041 1012 3096 πεδία
1031 3057 1086 3095 om.
1112 3039 1135 3092 B

119 3121 153 3168 11
181 3114 232 3169 καὶ
259 3115 355 3176 οένονς
376 3113 449 3170 Assa
475 3113 525 3170 καί
551 3109 679 3184 καρποῦς
703 3115 727 3168 Β
749 3131 803 3184 mg
831 3108 959 3182 καρποὺς
985 3106 1088 3171 ἄλλους
1111 3125 1135 3164 α.

115 3186 228 3255 Kayser
244 3183 315 3240 Ann.
334 3184 404 3255 phil.
426 3191 494 3241 186³
513 3204 541 3256 p.
561 3192 577 3242 9
603 3189 607 3255 Ι
634 3181 796 3254 ἐξενεγκεῖν
820 3179 968 3252 ἐπιτήδεια
991 3198 1015 3236 ο.
1033 3180 1140 3236 Βεὶελεε.

115 3252 281 3326 ἐξενεγκεῖν
300 3252 386 3311 ίκανά
404 3257 542 3312 Βθολτελετ
614 3263 647 3312 12
667 3251 795 3312 οῦδένων
814 3272 838 3310 c.
856 3253 958 3309 Reiske
1028 3257 1061 3306 14
1080 3271 1136 3321 φα·

114 3327 219 3397 λερνοῦ
239 3327 285 3380 Ba
357 3333 390 3382 17
409 3327 704 3384 κατασκευασθέντων
717 3328 743 3382 Α
815 3331 849 3380 20
868 3321 1136 3396 μετακομισθέντων

116 3399 201 3468 Bmg
218 3417 253 3452 κο
275 3395 416 3452 ισθέντων
429 3399 455 3454 Α
523 3405 556 3454 21
573 3395 605 3454 ἐκ
619 3399 670 3454 τοῦ
684 3393 739 3452 νεά
756 3397 838 3468 (ναοῦ
854 3396 887 3465 Β)
900 3396 932 3466 0,
946 3395 1001 3451 del.
1013 3393 1137 3448 Schmitz

118 3466 150 3524 ἐκ
169 3469 222 3524 τοῦ
258 3464 377 3524 κεῑνεό
397 3487 420 3524 ο.
438 3470 542 3525 Βεὶελιε
568 3473 572 3539 Ι
596 3465 653 3525 ὑπὸ
673 3469 696 3523 Β
716 3466 799 3532 είςΕ
872 3473 906 3522 22
925 3485 955 3525 τε
975 3461 1014 3529 ὡς
1032 3465 1137 3538 Reiske

115 3539 229 3604 τέωςΟ
303 3545 339 3594 24
357 3535 516 3611 όρόψωνΑ
