2670 3984
544 178 747 278 '--ss-

159 384 316 450 τιωτικοῦ
347 379 431 468 πρὸς
461 378 592 452 ἅπαντα
625 381 764 472 διαρκὴς
795 388 960 473 γενομένη
992 383 1033 454 τὰ
1066 382 1176 470 δεινά,

160 485 234 556 ἀλλ’
261 485 322 575 οὐχ
350 485 461 586 ὥσπερ
492 485 777 576 ὑπολαμβάνουσί
803 517 893 572 τινες
925 489 1042 582 εὐνοίᾳ
1073 491 1176 578 τύχης

120 597 142 662 4
160 596 367 684 χρησαμένη·
391 597 460 664 ἐπεὶ
478 595 601 683 ταύτης
617 623 656 682 γε
674 596 773 687 χάριν
793 596 887 689 ᾤχετ’
908 593 951 666 διν
970 595 1177 685 ὑποβρύχιος

160 703 195 784 ἐξ
219 699 295 781 ἑνὸς
316 705 378 770 τοῦ
401 703 477 791 περὶ
490 702 631 784 Κάννας
644 703 828 791 πτώματος,
853 705 907 774 ὅτε
926 702 1010 793 αὐτῇ
1029 702 1094 772 άπὸ
1114 703 1176 790 μὲν

77 799 79 802 ’
122 809 395 895 ὕδξακισχιλίωυ
440 812 568 878 ίππέων
613 808 844 897 ἑβδομήκοντα
889 811 945 878 καὶ
989 809 1177 899 τριακόσιοι

162 919 468 1002 περιελείφθησαν,
495 912 561 984 άπὸ
591 914 630 983 δὲ
656 915 834 1004 μυριάδων
864 914 948 984 ὀκτὼ
976 920 1044 985 τῦν
1068 921 1117 996 είς
1137 914 1175 984 τὸ

159 1020 278 1091 κοινὸν
302 1020 490 1108 στράτευμα
509 1025 787 1109 καταγραφεισῶν
807 1019 909 1114 ὀλίγῳ
928 1027 1065 1103 πλείους
1085 1041 1177 1106 τρισ-

160 1132 278 1215 χιλίων
301 1127 490 1214 ἐσώθησαν.

249 1235 371 1302 XVIII.
403 1233 514 1302 Ταῦτά
542 1261 578 1303 τε
602 1232 643 1322 δὴ
666 1239 728 1304 τοῦ
751 1233 879 1322 άνδρδς
900 1234 1026 1323 ῦγαμαι
1048 1235 1104 1303 καὶ
1128 1239 1176 1302 ἔτι

121 1366 148 1406 10
161 1338 246 1430 πρὸς
271 1339 405 1420 τούτοις
427 1337 448 1408 ἃ
478 1343 587 1429 μέλλω
615 1343 741 1428 λέγειν,
770 1339 822 1410 ότι
844 1345 905 1410 τοῦ
937 1345 1045 1422 καλῶς
1073 1346 1230 1411 olm-272

160 1457 245 1518 σθαι
271 1445 330 1527 τάς
356 1441 477 1528 πόλεις’
500 1453 609 1528 αίτίας
636 1445 833 1534 ῦπολαβιάν,
862 1445 902 1528 δὶς
923 1452 1093 1536 θρυλοῦσι
1114 1447 1177 1536 μὲν
1232 1447 1238 1456 ’

160 1553 305 1633 ἅπαντες
328 1556 363 1621 οί
384 1561 561 1641 πολιτικοί,
584 1555 868 1636 κατασκευάζουσι
892 1553 922 1623 δ’
946 1553 1066 1642 ὀλίγοι,
1088 1557 1178 1642 πρῦ·

159 1688 221 1730 τον
250 1659 312 1748 μὲν
340 1657 402 1745 τὴν
430 1659 520 1749 παρὰ
547 1664 615 1729 τῶν
643 1666 737 1729 θειῦν
761 1659 917 1745 εῦυοιαν,
945 1651 985 1747 ἧς
1007 1660 1179 1748 παρούσης

161 1765 293 1836 ἅπαντα
319 1780 391 1846 τοῖς
418 1763 615 1853 άνθριόποις
643 1768 697 1836 ἐπὶ
729 1766 770 1835 τά
797 1771 935 1854 κρείττω
964 1770 1178 1855 συμφέρεται,

123 1897 148 1940 ιτ
162 1879 274 1943 ἔπειτα
297 1872 526 1960 σωφροσύνην
548 1899 584 1942 τε
606 1875 662 1942 καὶ
687 1873 921 1960 δικαιοσύνην,
944 1871 989 1941 δι’
1016 1869 1056 1954 ἃς
1076 1865 1179 1961 ἧττον

161 1978 329 2068 ἀλλήλους
355 1981 560 2067 βλάπτοντες
587 1983 717 2068 μᾶλλον
748 1978 934 2068 ὁμονοοῦσι
961 1980 1018 2048 καὶ
1040 1977 1102 2068 τὴν
1125 1981 1179 2049 εῦ-

163 2091 345 2175 δαιμονίαν
370 2085 411 2156 οῦ
434 2102 506 2168 ταῖς
528 2092 713 2174 αἰσχίσταις
731 2090 913 2174 μετροῦσιν
930 2083 1072 2174 ἡδοναῖς
1093 2083 1179 2154 άλλδι

161 2199 207 2287 τῷ
235 2197 341 2286 καλῷ,
370 2197 564 2262 τελευταίαν
594 2195 631 2261 δὲ
662 2191 724 2280 τὴν
757 2196 794 2262 έν
822 2205 893 2272 τοῖς
919 2193 1076 2280 πολέμοις
1104 2219 1179 2279 γευ·

163 2299 324 2386 ναιότητα
352 2299 414 2386 τὴν
441 2297 760 2388 παρασκευάζουσαν
791 2297 879 2368 εἶναι
908 2301 964 2368 καὶ
993 2297 1051 2379 τάς
1078 2297 1181 2379 άλλως

123 2429 150 2469 ιο
163 2402 283 2492 ἀρετὰς
305 2421 376 2487 τοῖς
399 2413 535 2495 ἔχουσιν
544 2393 765 2494 τόφελίμους,
794 2405 855 2475 οὐκ
883 2404 947 2474 άπὸ
971 2403 1180 2492 ταύτομάτου

165 2516 413 2599 παραγίνεσθαι
436 2514 567 2583 τούτων
591 2515 821 2583 ἕκαστοντῶν
845 2512 988 2600 άγαθῦν
1012 2511 1180 2600 ἐνόμισεν,

125 2615 238 2686 2άλλ’
265 2623 353 2705 ἔγνω
381 2619 470 2688 διότι
501 2619 603 2707 νόμοι
640 2623 821 2688 σπουδαῖοι
851 2620 908 2687 καὶ
939 2623 1052 2687 καλῶν
1085 2621 1182 2704 ζῆλος

165 2723 437 2810 ἐπιτηδευμάτων
470 2722 591 2812 εὐσεβῆ
627 2725 683 2793 καὶ
714 2725 877 2813 σαόφρονα
907 2727 963 2794 καὶ
995 2723 1036 2794 τά
1068 2729 1181 2792 δίκαια

164 2831 337 2898 ἀσκοῦσαν
367 2831 423 2898 καὶ
453 2827 493 2898 τά
523 2831 665 2918 πολέμια
695 2829 830 2918 άγαθην
861 2830 1090 2918 ἐξεργάζονται
1121 2829 1181 2900 πό-

124 2969 151 3010 τε
165 2945 233 3006 λιν·
267 2927 316 3004 ὧν
348 2935 477 3024 πολλὴν
510 2941 585 3024 ἔσχε
616 2936 783 3025 πρόνοιαν
812 2936 874 3024 τὴν
905 2935 1011 3024 ἀρχὴν
1041 2937 1181 3026 ποιησά-

166 3070 267 3131 μενος
289 3041 354 3111 άπὸ
377 3046 447 3111 τῶν
470 3043 546 3132 περὶ
568 3041 608 3112 τά
627 3052 707 3112 θεῖα
728 3043 785 3112 καὶ
809 3042 970 3129 δαιμόνια
994 3046 1181 3131 σεβασμῶν.

166 3149 239 3240 ἱερά
273 3149 334 3238 μὲν
368 3141 431 3219 οῦν
463 3151 519 3220 καὶ
555 3152 674 3239 τεμένη
707 3150 763 3218 καὶ
794 3149 930 3238 βωμοὺς
960 3150 1016 3218 καὶ
1049 3149 1181 3231 ξοάνων

239 3351 273 3402 10
292 3343 468 3402 ωίκίσθαιΒ
524 3351 556 3400 12
575 3342 732 3414 πρότηνΑ
792 3352 826 3418 14
846 3343 1005 3414 φέρεταιΒ
1071 3350 1104 3400 19
1122 3350 1182 3408 τοῖς

167 3411 252 3480 ἄλλοις
270 3417 317 3472 Bb
380 3424 414 3472 22
433 3413 507 3472 διότι
526 3417 548 3470 Β
567 3410 611 3471 ὅτι
629 3417 654 3471 R
717 3423 751 3472 23
771 3411 875 3492 εῦσεβῆ
894 3415 943 3472 καλ
961 3418 1060 3471 δίκαια
1077 3412 1181 3472 άσκοῦ-

168 3505 221 3542 σαν
244 3486 294 3542 καὶ
317 3484 492 3557 σάφροναΒ
