2682 3982
558 253 723 305 -B—

130 422 220 493 θους
246 417 315 481 τῶν
342 413 713 501 προσκαταγραφέντων
745 413 940 498 βουλευτῶν
968 413 1147 499 διαφέρον-

101 521 104 526 ’
131 545 195 588 ται.
241 518 282 588 ού
308 519 373 608 γάρ
403 518 522 588 ἑκατὸν
550 517 634 587 ἀλλά
663 520 871 607 πεντήκοντα
896 515 977 598 τοὺς
1005 520 1146 586 ἐπεισελ-

131 627 260 712 θόντας
283 631 330 707 είς
352 624 414 714 τὴν
442 625 572 714 βουλὴν
599 623 830 714 ἀποφαίνουσι
856 625 1026 712 γενέσθαι.
1071 624 1187 712 περίδ

133 733 171 801 δὲ
192 737 261 802 τῶν
279 737 397 822 τιμῶν,
417 730 457 812 δὶς
474 747 547 813 ταῖς
565 734 721 819 γυναιξὶν
741 737 776 801 οί
796 738 945 820 βασιλεῖς
964 729 1146 817 ἀπέδοσαν,

78 839 190 909 σσοὸτι
214 839 409 927 συνήγαγον
437 837 559 919 αὐτούς
581 845 630 918 είς
657 845 790 926 φιλίαν,
819 837 881 926 οὐχ
909 837 1052 918 ἅπαντες
1069 835 1147 905 Ῥω·
1174 865 1187 905 ι

132 952 243 1035 μαίων
262 959 468 1034 συγγραφεῖς
486 948 724 1036 συμφέρονται.
756 945 846 1026 τινες
869 945 930 1034 μὲν
950 943 1015 1032 γάρ
1034 942 1147 1012 αὐτῶν

132 1053 303 1143 γράφουσι
326 1053 366 1122 τά
388 1079 423 1122 τε
451 1053 537 1122 ἀλλα
560 1052 667 1122 πολλά
693 1055 749 1122 καί
777 1052 904 1142 μεγάλα
927 1050 1148 1142 δωρήσασθαι

131 1175 205 1240 ταῖς
227 1162 361 1246 γυναιξὶ
387 1158 467 1241 τούς
493 1157 661 1248 ἡγεμόνας
682 1162 738 1228 καὶ
767 1159 809 1248 δὴ
838 1156 974 1239 καὶτὰς
997 1157 1149 1247 φράτρας

16 1327 19 1336 .
131 1267 312 1354 τριάκοντα
340 1266 458 1354 οὔσας,
486 1265 597 1356 ῶσπερ
630 1273 732 1354 ἔφην,
766 1266 965 1354 ἐπωνύμους
995 1269 1063 1334 τῶν
1089 1292 1148 1352 γυ-

132 1377 262 1442 ναικῶν
294 1361 445 1461 ποιῆσαι·
482 1373 646 1454 τοσαύτας
676 1372 742 1461 γάρ
778 1372 866 1442 εἶναι
897 1387 1060 1459 γυναῖκας
1089 1370 1148 1450 τάς
1163 1399 1188 1438 10

133 1483 488 1569 ἐπιπρεσβευσαμένας.
550 1479 716 1568 Οὐάρρων
759 1481 796 1549 δὲ
842 1480 1015 1568 Τερέντιος
1054 1476 1189 1546 τούτ’4

134 1585 248 1668 αὐτοῖς
274 1586 312 1656 τὸ
341 1591 442 1676 μέρος
470 1585 532 1675 ούχ
561 1585 720 1675 ὁμολογεῖ
740 1593 941 1676 παλαίτερον
970 1593 1017 1656 ἔτι
1041 1589 1148 1672 λέγων

135 1697 200 1779 [ἐν]
223 1707 296 1774 ταῖς
317 1700 470 1784 κουρίαις
492 1699 636 1782 τεθῆναι
662 1693 703 1763 τά
727 1692 877 1782 ὀνόματα
904 1692 969 1763 ὑπὸ
992 1698 1053 1763 τοῦ
1071 1691 1149 1760 Ῥω-

133 1801 245 1889 μύλου
272 1800 355 1870 κατά
382 1799 446 1888 τὴν
473 1801 609 1890 πρῶτην
641 1805 703 1870 τού
733 1801 888 1888 πλήθους
916 1804 1081 1889 διαίρεσιν
1108 1797 1149 1868 τὰ

134 1908 197 1996 μέν
221 1905 276 1975 ἀπ’
302 1905 441 1994 ἀνδρῶν
464 1909 640 1994 ληφθέντα
662 1904 856 1994 ἡγεμόνων,
878 1903 919 1973 τά
942 1903 975 1971 δ’
1000 1903 1065 1973 ἀπὸ
1088 1904 1148 1972 πά-
1164 1931 1189 1970 15

134 2037 219 2102 γων·
240 2013 300 2094 τάς
328 2012 356 2082 τ’
384 2014 436 2082 ἐπί
463 2012 526 2101 τὴν
553 2017 734 2102 πρεσβείαν
762 2010 964 2094 ἐξελθούσας
987 2025 1149 2097 γυναῖκας

136 2120 178 2189 ού
199 2120 382 2204 τριάκοντα
407 2117 499 2188 εἷναί
522 2138 643 2206 φησιν,
671 2116 757 2186 ἀλλά
783 2123 1003 2198 πεντακοσίας
1029 2143 1064 2186 τε
1093 2118 1149 2184 καί

133 2227 314 2315 τριάκοντα
341 2229 444 2313 τριῶν
472 2224 615 2305 δεούσας
648 2231 756 2294 οίεταί
779 2221 814 2293 τε
845 2222 920 2292 οὐδ’
947 2223 1034 2304 είκδς
1061 2222 1149 2292 εἶναι

134 2333 307 2402 τοσούτων
330 2337 502 2418 γυναικῶν
525 2331 626 2419 τιμὴν
648 2330 879 2419 ἀφελομένους
901 2329 980 2410 τοὺς
1002 2337 1180 2432 βασιλεῖς,ι

136 2439 264 2526 ὀλίγαις
287 2441 320 2521 ἐξ
344 2439 455 2508 αὐτῶν
475 2437 597 2508 δοῧναι
616 2438 743 2526 μόναις.
789 2436 862 2506 ἀλλ’
882 2435 966 2524 ὑπὲρ
986 2436 1048 2525 μὲν
1060 2437 1143 2507 ,τού-
1158 2462 1185 2500 2⁰

82 2573 208 2628 ςςςτων
233 2545 310 2615 οὔτε
333 2549 461 2634 μηδένα
484 2546 693 2634 ποιήσασθαι
717 2545 821 2632 λόγον
845 2544 921 2614 οὔτε
944 2550 1047 2614 πλείω
1071 2544 1150 2632 γρά-

136 2680 214 2740 φειν
237 2657 306 2722 τῶν
330 2657 458 2722 ἱκανῶν
481 2652 637 2740 ἐφαίνετό
661 2680 728 2740 μοι.

225 2761 439 2828 XXXXVIII.
462 2762 550 2850 Περὶ
573 2761 610 2828 δέ
632 2764 691 2847 τῆς
709 2761 869 2846 Κυριτῶν
890 2759 1029 2845 πόλεως,
1054 2760 1087 2840 έξ
1111 2749 1152 2844 ἦς

137 2869 173 2934 οί
192 2867 269 2956 περὶ
290 2865 350 2935 τὸν
375 2866 497 2936 Τάτιον
519 2859 608 2954 ἦσαν
627 2864 774 2956 (ἀπαιτεῖ
789 2863 854 2952 γάρ
877 2860 898 2950 ἡ
920 2865 1074 2953 διήγησις
1096 2866 1152 2932 καὶ

136 2974 212 3061 περὶ
243 2971 389 3058 τούτων,
421 2974 543 3054 οἵτινές
574 2998 609 3041 τε
640 2973 696 3041 καὶ
729 2971 857 3040 ὁπόθεν
890 2963 995 3056 ἦσαν,
1028 2972 1149 3060 εἰπεῖν)
1164 2988 1190 3029 ²5

135 3083 282 3148 τοσαῦτα
297 3095 300 3100 “
313 3078 555 3177 παρελάβομεν.
601 3082 638 3148 έν
669 3081 709 3169 τῇ
737 3075 916 3146 Ῥεατίνων
946 3074 1038 3165 χῶρμ
1069 3075 1148 3144 καθ’

211 3247 243 3294 12
263 3237 359 3310 μέρος]
380 3238 466 3309 γε’ρας
485 3258 507 3294 ο.
526 3239 649 3314 Κὶοεελὶα
690 3241 693 3308 Ι
716 3232 888 3306 παλαιτερόν
906 3255 936 3290 τε
958 3234 980 3290 Ο
1000 3251 1068 3290 corr.
1089 3235 1151 3304 syl-

136 3311 211 3382 burg
283 3317 315 3366 13
336 3308 368 3366 ἐν
387 3311 410 3365 0
427 3312 483 3400 δελ.
499 3310 621 3400 βγλοαες
641 3309 688 3394 ,πὶ
707 3307 908 3396 §inteqisssms
924 3306 1005 3361 Dion.
1021 3307 1034 3359 I
1052 3323 1080 3375 p.
1095 3306 1153 3430 27η

137 3385 249 3451 κυρίαις
266 3383 292 3435 A
366 3389 399 3437 15
418 3402 476 3437 απο
495 3402 596 3452 παγων
615 3381 755 3450 Klesslmg
784 3399 841 3434 απο
862 3398 977 3432 παντων
995 3377 1075 3432 BbR
1106 3373 1142 3431 ἔτι

137 3450 253 3508 πάντων
276 3453 321 3508 Ba
348 3449 405 3508 άπὸ
429 3451 524 3508 τόπων
549 3452 671 3508 δίπλεοίι
695 3451 751 3507 1.1.
836 3457 867 3505 17
893 3449 1023 3518 φασινΒ
1049 3451 1053 3518 λ
1079 3465 1108 3502 τε
1130 3449 1153 3502 Β

137 3527 238 3582 om.R
313 3529 345 3578 18
364 3523 477 3594 τριαλΟ
