2660 3986
570 239 737 291 ..-Γ.-

144 399 201 466 ual
224 396 354 484 <άλλα>
377 395 484 466 πολλά
508 394 678 483 ἐπιτήδεια
701 395 888 483 λαμβάνειν
912 397 947 464 ἐκ
969 399 1028 483 τῆς
1051 395 1161 484 χώρας

146 503 208 572 ούκ
241 507 307 574 ἐών
339 510 388 586 είς
418 503 547 591 πολλὴν
579 506 780 591 κατέστησεν
811 501 971 573 ἁπάντων
1001 501 1160 590 άπορίαν·

146 607 225 679 ὥστ’
241 609 510 698 ἠναγκάσθησαν
524 610 731 698 φυλάξαντες
748 609 854 679 νύκτα
873 613 1042 698 χειμέριον
1058 607 1161 678 ύὸασι

144 718 201 785 καὶ
228 715 341 809 άνέμω
369 731 493 805 φυγεῖν
521 720 667 804 αίσχρώς
699 718 735 784 έκ
761 720 823 785 τού
856 715 1000 804 χάρακος
1027 723 1161 784 καταλι-

118 821 266 904 επόντες
288 825 326 892 έν
354 823 443 916 αὐτῷ
471 822 513 892 τά
540 849 576 892 τε
603 819 767 909 ύποζύχια
793 823 850 891 καί
877 819 937 902 τάς
959 820 1083 909 σκηνάς
1105 824 1162 890 καὶ

144 927 225 1009 τοὺς
246 935 451 1018 τραυματίας
468 931 524 998 καὶ
546 928 610 1017 τὴν
633 935 681 1010 είς
700 927 762 998 τὸν
780 929 928 1016 πόλεμον
947 927 1161 1017 παρασκευὴν

106 1039 127 1104 3
146 1033 288 1106 ἅπασαν.
329 1041 370 1126 τῇ
395 1035 425 1104 δ’
448 1038 523 1124 ἑξῆς
545 1033 652 1126 ἡμέρᾳ
676 1035 846 1123 μαθόντες
868 1039 903 1104 οί
919 1033 1076 1123 Ῥωμαῖοι
1094 1033 1215 1122 τὴνσίσ

145 1142 293 1230 άπαρσιν
321 1141 434 1210 αύτών
461 1144 518 1210 καί
546 1142 725 1229 γενόμενοι
756 1147 818 1211 τοῦ
846 1142 991 1231 χάρακος
1019 1140 1163 1230 άμαχητὶ

145 1249 258 1337 κύριοι
287 1247 413 1336 σκηνὰς
441 1248 503 1336 μὲν
530 1249 586 1317 καὶ
615 1247 780 1336 ὑποζύγια
807 1251 864 1318 καὶ
894 1249 1045 1338 χρήματα
1068 1248 1162 1337 διήρ-

107 1384 134 1424 10
148 1375 271 1441 πασαυ,
288 1354 369 1436 τούς
386 1355 425 1424 δὲ
443 1356 674 1444 αἰχμαλώτους
687 1355 874 1443 ἀπάγοντες
892 1361 939 1436 είς
955 1355 1018 1443 τὴν
1032 1353 1162 1441 Ῥώμην

146 1461 365 1549 ἀνέστρεψαν.
403 1454 504 1543 οὗτος
522 1460 540 1532 ὁ
560 1462 705 1550 πόλεμος
724 1468 780 1549 ἔτη
798 1465 896 1532 πέντε
915 1465 1060 1550 διέμεινε
1083 1481 1163 1529 συν-

147 1571 230 1655 εχώς
255 1568 521 1656 πολεμούμενος,
550 1571 588 1637 έν
616 1559 642 1660 ᾧ
666 1573 731 1655 γῆν
762 1565 946 1657 ἀμφότεροι
973 1567 1036 1656 τὴν
1064 1565 1183 1653 άλλήέ

147 1683 218 1742 λων
245 1679 458 1763 πορθοῦντες
483 1676 540 1743 καὶ
571 1673 679 1762 μάχας
711 1673 837 1754 πολλὰς
863 1674 1020 1754 ἐλάττους
1045 1699 1080 1743 τε
1107 1673 1164 1740 καὶ

148 1787 281 1868 μείζους
303 1780 488 1868 μαχόμενοι
508 1783 709 1865 διετέλεσαν,
729 1777 827 1866 ὀλίγα
845 1782 908 1866 μέν
929 1807 1007 1849 τινα
1024 1781 1080 1848 καί
1095 1783 1163 1848 τών

108 1915 135 1955 15
148 1893 312 1974 Σαβίνων
340 1885 575 1974 εὐτυχούντων
597 1889 634 1956 έν
658 1900 728 1966 τοῖς
757 1883 880 1973 άχώσι,
901 1884 944 1956 τὰ
967 1886 1005 1956 δὲ
1027 1894 1164 1955 πλείστα
1209 1979 1211 1982 Ι

143 1991 331 2080 Ῥωμαίων·
369 1996 407 2062 έν
440 1992 478 2061 δὲ
514 1995 555 2082 τῇ
587 1997 760 2082 τελευταία
798 1991 886 2081 μάχῃ
920 1995 1015 2074 τέλος
1046 1998 1165 2080 ἔλαβεν

109 2097 336 2188 4ὁλοσχερές.
389 2104 537 2186 Σαβῖνοι
564 2097 628 2186 γάρ
657 2095 718 2186 ούχ
752 2095 797 2179 ώς
828 2097 993 2187 πρότερον
1025 2102 1062 2168 ἐκ
1094 2103 1166 2166 (λια-

153 2209 265 2292 δοχῆς,
288 2204 361 2274 ἀλλ’
383 2205 451 2294 ἅμα
474 2205 597 2285 πάντες
619 2209 655 2274 os
675 2205 919 2294 στρατεύσιμον
942 2211 1074 2292 ἔχοντες
1095 2202 1166 2292 ἡλι-

152 2317 229 2380 κίαν
253 2313 399 2399 ἐξῆλθον
428 2313 482 2381 ἐπὶ
511 2309 572 2380 τὸν
595 2310 760 2398 πόλεμον,
779 2309 940 2399 Ῥωμαῖοί
958 2338 993 2380 τε
1016 2311 1166 2399 σύμπαν-

113 2447 140 2487 εο
153 2445 206 2498 τες
228 2416 287 2497 τάς
310 2423 468 2486 Λατίνων
491 2418 547 2486 καί
570 2422 757 2504 Τυρρηνῶν
779 2419 835 2486 καὶ
856 2422 925 2487 τών
948 2417 1061 2487 ἄλλων
1085 2438 1166 2506 συμ

152 2523 268 2611 μάχων
302 2524 465 2612 δυνάμεις
496 2523 748 2611 παραλαβόντες
779 2524 929 2612 ἐχώρουν
964 2523 1065 2612 ὁμόσε
1096 2539 1167 2604 τοῖς

113 2634 331 2718 ὅπολεμίοις.
378 2629 396 2699 ὁ
421 2630 484 2718 μὲν
508 2622 571 2699 οὖν
598 2635 667 2699 τών
690 2637 853 2718 Σαβίνων
884 2630 1068 2720 στρατηγὸς
1090 2635 1167 2720 διχῇ

151 2742 288 2825 μερίσας
309 2734 369 2818 τὰς
391 2739 553 2824 δυνάμεις
575 2736 638 2806 δύο
667 2752 811 2806 ποιεῖται
834 2738 1058 2826 στρατόπεδα,
1086 2735 1104 2806 ὁ
1129 2737 1168 2806 δὲ

150 2849 218 2913 τών
245 2841 418 2931 Ῥωμαίων
449 2843 608 2931 βασιλεύς
638 2850 714 2931 τρία
754 2843 896 2931 ποιήσας
926 2843 1076 2932 τάγματα
1111 2845 1167 2912 καὶ
1241 2935 1243 2940 Ι

111 2980 137 3022 25
151 2965 240 3040 τρεῖς
265 2949 478 3038 παρεμβολάς
510 2948 552 3020 ού
583 2949 715 3040 μακράν
747 2947 805 3019 ἀπ’
831 2948 988 3038 ἀλλήλων
1022 2953 1168 3038 θέμενος

224 3153 238 3200 1
263 3141 359 3201 *ἄλλα
382 3145 479 3200 addidi
501 3143 589 3200 πολλὰ
613 3147 636 3202 Ο
661 3145 736 3216 quod
758 3145 788 3200 in
811 3139 898 3200 τᾶλλα
918 3146 1042 3201 mutavit
1062 3146 1166 3202 Reiske

153 3216 350 3273 7*πᾶσανο
424 3224 439 3272 9
463 3217 550 3273 verba
571 3217 622 3272 καὶ
644 3212 784 3286 ὑποζύγια
807 3237 832 3272 ιτ.
856 3237 880 3287 χ.
900 3219 925 3271 δ.
949 3237 973 3271 τ.
996 3219 1022 3273 ὅ.
1044 3211 1072 3270 ά.
1093 3211 1165 3286 άγα-

151 3284 251 3360 χύντες
268 3306 323 3346 om.
336 3291 392 3356 Aa,
406 3288 471 3343 add.
483 3289 532 3344 Ab
545 3288 576 3342 in
593 3305 654 3359 mg.
710 3294 743 3343 10
758 3283 914 3358 άχαχόντες
932 3288 985 3342 ΑΒ
1004 3283 1123 3357 ἄγοντες
1140 3289 1166 3342 R

151 3356 312 3428 ἀπάγοντες
338 3357 482 3431 Kiessling
573 3365 605 3415 15
634 3353 830 3429 εὐτυχούντων
863 3358 953 3414 Cobet
980 3360 1044 3415 Obs.
1076 3377 1103 3429 p.
1135 3365 1168 3414 ⁷3

152 3426 420 3555 ὃτευτυχοβντωνθ
497 3437 530 3486 16
555 3427 681 3503 έλαβεΑ
760 3435 792 3485 18
816 3425 887 3484 ἀλλὰ
910 3425 1057 3493 πάντεςΒ
1133 3435 1168 3485 23

152 3507 261 3556 ποιεῖτε
