2670 3984
206 252 270 318 τοο
478 204 483 211 ’
628 253 794 306 -Α-

204 411 358 493 λιπόντες
378 409 520 501 Ἀργείοι
542 409 579 480 τὸ
604 413 701 499 γένος
724 410 818 492 ὄντες
843 416 892 492 είς
911 409 1055 480 Ἰταλίαν
1077 411 1221 501 ἀφίκον-

203 543 255 588 το·
287 516 472 608 Εὐάνδρου
494 545 529 587 τε
553 511 596 588 αύ
620 519 676 587 καί
696 517 869 606 Ἀρκάδων
896 516 1056 606 ἀφίξεως,
1087 527 1123 590 οἳ
1142 523 1221 609 περὶ

204 625 240 694 τὸ
261 625 476 695 Παλλάντιον
499 625 646 720 ᾤκησαν,
661 625 881 712 Ἀβοριγίνων
901 627 1015 706 αὐτοῖς
1032 627 1221 717 παρασχόν-

203 730 271 803 των
289 732 327 802 τό
351 739 490 822 χωρίον·
514 739 562 802 ἔτι
585 733 622 802 δέ
640 738 928 822 Πελοποννησίων
951 737 1020 802 τῶν
1043 732 1224 822 σύνἩρα-

163 877 177 918 5
203 849 277 910 κλεί
301 841 602 931 παραγενομένων,
635 845 672 908 οἳ
695 840 892 934 κατῴκησαν
920 842 973 909 ἐπὶ
1000 850 1062 909 τοῦ
1089 849 1221 929 Σατορ-

203 953 295 1016 νίου·
318 955 516 1017 τελευταίου,
533 947 571 1018 δλ
591 951 659 1016 τῶν
677 945 944 1016 ἀπαναστάντων
966 948 1002 1015 έκ
1023 952 1083 1035 τῆς
1106 947 1222 1036 Τρωά-

205 1058 264 1134 δος
287 1055 343 1123 καλ
366 1055 666 1142 συγκερασθέντων
689 1066 760 1134 τοϊς
781 1055 965 1143 προτέροις.
1001 1053 1131 1123 τούτων
1155 1053 1220 1143 γάρ

204 1157 248 1229 ἀν
277 1159 379 1228 οὐδέν
407 1159 502 1248 εὕροι
528 1163 599 1229 τῶν
632 1162 746 1230 έθνῶν
779 1159 857 1230 οὔτε
888 1159 1112 1250 ἀρχαιότερον
1143 1161 1221 1230 οὔτε

164 1270 184 1334 3
200 1265 492 1355 Ἑλληνικώτερον.
524 1271 562 1336 αλ
579 1267 617 1336 δὲ
634 1271 703 1336 τῶν
721 1267 904 1356 βαρβάρων
924 1269 1094 1356 ἐπιμιξίαι,
1114 1265 1160 1336 δι’
1181 1267 1221 1350 δις

163 1371 224 1462 1οὴ
248 1373 344 1454 πόλις
366 1371 474 1442 πολλὰ
497 1378 565 1443 τῶν
588 1371 738 1464 ἀρχαίων
761 1374 1031 1463 ἐπιτηδευμάτων
1055 1371 1220 1462 ἀπέμαθε,

202 1479 266 1550 σὺν
289 1480 400 1572 χρόνῳ
425 1482 589 1567 ἐγένοντο.
634 1482 690 1549 καλ
716 1485 834 1568 θαῦμα
862 1481 923 1570 μὲν
950 1485 1050 1550 τούτο
1078 1489 1217 1560 πολλοῖς
1303 1506 1306 1512 ·

203 1583 246 1656 ἀν
270 1585 356 1656 εἶναι
380 1587 488 1670 δόξειε
509 1585 550 1656 τά
570 1587 681 1656 είκότα
699 1591 945 1674 λογισαμένοις,
963 1592 1033 1668 πῶς
1052 1586 1114 1675 ούχ
1132 1586 1221 1656 ἀπα·-

203 1714 246 1762 σα
269 1694 528 1782 ἐξεβαρβαρώθη
550 1692 702 1776 Ὀπικούς
724 1721 759 1763 τε
782 1693 1013 1783 ὑποδεξαμένη
1039 1696 1095 1763 καὶ
1118 1701 1271 1784 Mae-231

203 1802 285 1882 σούς
307 1803 372 1870 καὶ·
386 1807 558 1895 Σαυνίτας
580 1802 636 1869 καὶ
659 1800 856 1892 Τυρρηνούς
878 1802 934 1870 καὶ
957 1807 1137 1889 Βρεττίους
1151 1798 1221 1888 Ὀμ-

162 1933 188 1976 15
201 1912 329 1996 βρικῶν
351 1909 460 1976 τεκαὶ
480 1907 618 1994 Λιγύων
636 1909 691 1976 καί
707 1905 849 1997 Ἰβήρων
868 1910 924 1977 καὶ
938 1912 1075 1977 Κελτῶν
1094 1907 1221 1996 συχνάς

202 2015 368 2105 μυριάδας
395 2013 481 2083 ἀλλα
507 2041 543 2083 τε
569 2013 655 2102 πρὸς
680 2028 751 2096 τοῖς
773 2016 962 2103 είρημένοις
985 2020 1070 2102 ἔθνη
1093 2012 1135 2083 τά
1158 2013 1221 2102 μὲν

203 2125 236 2204 έξ
265 2120 369 2209 αὐτῆς
389 2121 544 2206 Ἰταλίας,
571 2120 611 2189 τδι
643 2118 674 2188 δ’
701 2124 734 2202 ἐξ
763 2123 886 2209 ἑτέρων
914 2119 1084 2210 ἀφνγμέυα
1106 2120 1221 2190 τόπων

201 2235 306 2316 μυρία
330 2227 394 2297 ὅσα
419 2226 497 2297 ον”τε
521 2225 716 2315 ὁμόγλωττα
740 2227 817 2296 οὔτε
840 2226 1029 2316 ὁμοδίαιτα,
1054 2219 1102 2296 ῶν
1128 2226 1221 2314 [οῶτε

202 2333 320 2423 φωνάς
348 2333 427 2402 οὔτε
456 2337 605 2419 δίαιταν]
634 2335 690 2402 καί
718 2339 814 2422 βίους
841 2335 1031 2422 σύγκλυδας
1054 2331 1221 2420 ἀναταρα-

162 2465 189 2508 ιο
202 2441 347 2529 χθέντος
374 2442 410 2508 ἐκ
437 2439 601 2528 τοσαύτης
634 2445 822 2528 διαφωνίας
851 2439 958 2510 πολλά
985 2445 1047 2510 τού
1074 2445 1220 2510 παλαιοῦ

83 2637 88 2646 .
161 2546 332 2632 4κόσμου
358 2550 417 2634 τῆς
444 2547 572 2627 πόλεως
598 2552 787 2636 νεοχμῶσαι
815 2547 904 2628 είκὸς
930 2540 989 2635 ἦν·
1022 2549 1092 2616 ἐπεὶ
1122 2547 1220 2618 ἀλλοι

200 2679 239 2740 γε
258 2653 377 2741 συχνοί
397 2653 432 2721 ἐν
450 2653 637 2742 βαρβάροις
655 2658 828 2735 οἰκοῦντες
847 2652 964 2742 ὀλίγον
984 2654 1112 2744 χρόνον
1134 2660 1219 2724 διελ-

199 2759 327 2840 θόντος
345 2759 435 2828 ἅπαν
454 2758 492 2828 τὸ
506 2757 703 2848 Ἑλληνικόν
723 2761 910 2850 ἀπέμαθον,
930 2760 975 2842 ῶς
993 2761 1075 2850 μήτε
1098 2761 1219 2850 φωνὴν

195 2863 342 2936 Ἑλλάδα
379 2871 594 2956 φθέγγεσθαι
630 2868 711 2956 μήτε
748 2869 1014 2958 Ιέπιτηδεύμασιν
1052 2868 1221 2956 Ελλήνων

273 3101 373 3168 ’ίμοελ
389 3098 517 3168 τρωάδος
536 3102 690 3168 sequuntur
712 3100 762 3154 καλ
786 3099 963 3171 συγκέραοαν
983 3095 1031 3156 ἐπὶ
1048 3099 1099 3154 τοῦ
1120 3115 1219 3168 σατυρ-

199 3169 263 3224 νίον
282 3166 429 3225 τελεύτεον
448 3169 481 3225 δὲ
499 3171 556 3225 τῶν
575 3166 802 3226 ἀπαναστάντων
827 3167 860 3226 έκ
883 3172 934 3240 τῆς
957 3166 1085 3242 τρωοιδός
1107 3171 1143 3242 Β,
1168 3171 1219 3226 sed

200 3239 253 3294 del.
269 3259 305 3294 m.
321 3260 362 3311 pr.
417 3246 434 3296 8
453 3237 518 3296 οὔτε
538 3235 727 3311 ἀρχαιότατον
751 3237 819 3303 οὔτεΙ
842 3237 1064 3311 ἑλληνικώτατον
1084 3241 1121 3312 Ο,
1145 3259 1218 3298 corr.

200 3310 359 3380 Stephanus
443 3317 476 3367 15
494 3312 544 3367 καὶ
562 3313 677 3367 Κελτῶν
696 3329 750 3368 om.
770 3313 793 3367 B
876 3319 909 3370 18
933 3309 1000 3369 ούτε
1025 3309 1126 3383 φωνάς
1150 3309 1217 3368 οὔτε

199 3382 314 3436 δίαιταν
337 3383 391 3437 del.
416 3383 541 3451 Bitschh
562 3383 596 3439 cf.
613 3382 737 3439 Schmitz
759 3403 786 3454 p.
807 3390 841 3438 14
919 3391 952 3440 19
976 3380 1219 3454 ἀναταραχθέντοι

199 3468 222 3508 ο.
249 3451 372 3508 Schmihz
395 3452 451 3508 1.1.
535 3459 568 3508 21
593 3455 802 3530 νεωχμῶααιΑ
884 3461 919 3510 24
944 3451 1067 3524 ἕλλήνων
1090 3455 1114 3508 Β
1138 3451 1219 3524 έλλή-

199 3542 256 3577 νων
277 3521 319 3577 ἔτι
336 3524 362 3577 R
916 3590 929 3620 ⁹
