2660 3986
554 271 588 281 ··
626 241 719 294 Γ-
1079 239 1145 308 325

132 402 259 487 ἔφοδον
291 395 357 467 ὑπὸ
392 399 492 486 (τῆς)
519 396 703 487 Ῥωμαικῆς
735 401 839 468 ἵππου
871 401 1145 488 καταπλαγέντες,

13 519 15 526 “
131 503 205 573 ἀλλ’
231 503 386 592 ἀντεῖχον
414 504 492 594 ἄχρι
519 509 654 574 πολλοῦ.
701 511 812 574 ἔπειτα
835 505 1003 594 μαθόντες
1032 505 1144 576 ὅτιτὸ

132 609 310 699 εύεόννμον
338 616 437 700 σφῦν
464 610 600 700 ἥττηται
627 612 683 680 καλ
709 616 800 682 πᾶσα
828 613 849 701 ἡ
883 616 1081 702 Φιδηναίων
1109 639 1145 682 τε

130 720 278 788 καὶτῶν
301 717 413 787 ἄλλων
437 718 621 807 συμμάχων
649 718 786 807 στρατιὰ
813 719 932 808 φεύγει
957 721 1145 810 προτροπά-

78 829 214 912 486δην,
241 827 412 906 δείσαντες
434 823 478 914 μὴ
497 829 721 896 κυκλωθῶσιν
743 823 809 895 ῦπδ
827 830 896 897 τιῦν
913 825 1172 916 ύναστραφέν-ε

131 959 200 1001 των
228 934 277 1002 έν.
290 935 352 1001 τοῦ
381 935 533 1021 διωγμοῦ
563 935 742 1021 τρέπονται
772 933 828 1005 καὶ
856 931 953 1002 αύτολ
984 931 1147 1015 λύσαντες

130 1036 189 1119 τὰς
211 1037 319 1120 τάξεις
340 1039 396 1107 καὶ
420 1036 477 1107 διὰ
498 1043 561 1108 τοῦ
583 1041 736 1127 ποταμοῦ
759 1038 876 1122 σώζειν
899 1039 1038 1121 ἑαυτούς
1061 1041 1145 1108 ἐπει-

132 1149 251 1230 ρῦντο.
297 1143 373 1214 ὅσοι
396 1145 458 1233 μὲν
477 1137 540 1215 οῦν
563 1148 850 1234 ἐρρωμενέστατοί
868 1171 904 1216 τε
927 1144 1040 1216 αύτῦν
1058 1140 1186 1234 ἦσαν4

131 1253 187 1320 καί
209 1249 328 1340 ἥκιστα
350 1249 416 1321 ῦπδ
439 1253 639 1341 τραυμάτων
662 1252 892 1342 βαρυνόμενοι
919 1268 994 1323 νεῖν
1020 1281 1057 1324 τε
1085 1251 1146 1322 ούκ

131 1356 295 1427 ἀδύνατοι
319 1361 396 1445 δίχα
417 1362 487 1427 τῶν
510 1355 624 1427 ὅπλων
652 1357 691 1427 τὸ
714 1361 857 1448 ῥείθρου
880 1363 1145 1448 διεπεραιοῦντο,
1161 1389 1185 1429 ιο

133 1463 209 1533 όσοι
238 1464 275 1533 δὲ
301 1463 432 1534 τούτων
459 1463 552 1545 τινός
583 1465 740 1534 ἐνέλιπον
766 1468 803 1534 ἐν
834 1480 907 1547 ταῖς
934 1457 1045 1546 δίναις
1071 1465 1146 1536 ἀπό·

131 1580 300 1660 θνησκον·
333 1568 394 1653 ὀξύ
420 1571 485 1662 γὰρ
512 1575 574 1640 τοῦ
605 1574 761 1658 Τεβέριος
791 1574 867 1661 περὶ
897 1573 960 1662 τὴν
991 1574 1147 1660 Φιδήνην

132 1679 188 1746 καλ
210 1677 348 1748 σκολιὸν
370 1676 409 1747 τὸ
433 1680 549 1766 ῥεῦμα.
595 1675 613 1746 δ
638 1677 677 1746 δδ
703 1676 831 1759 Τύλλος
858 1685 960 1769 μοίρᾳ
986 1679 1056 1747 τινλ
1077 1683 1146 1748 τῶν
1166 1681 1187 1748 5

133 1785 259 1854 ίππέων
282 1783 447 1865 κελεύσας,
470 1782 551 1864 τοῦς
578 1785 631 1852 ἐπὶ
658 1783 718 1855 τὸν
745 1781 909 1880 ποταμὸν
927 1781 1148 1872 ὠθουμένους

131 1897 286 1978 κτείνειν,
310 1887 411 1971 αύτὸς
434 1890 487 1962 ἐπὶ
514 1887 552 1959 τὸ
576 1888 805 1979 στρατόπεδον
832 1893 901 1958 τῶν
930 1889 1147 1966 Οὐιεντανῶν
1162 1921 1188 1962 15

131 1996 194 2085 τὴν
221 1996 328 2085 ύλλην
359 1996 508 2084 δύναμιν
536 1994 631 2083 ῦγων
658 1997 692 2077 ἐξ
720 1996 849 2083 ἐφόδου
875 2001 1004 2083 γίνεται
1032 1996 1150 2084 κύριος

132 2101 252 2174 αύτοῦ·
288 2105 345 2173 καλ
375 2102 416 2172 τὰ
450 2102 511 2191 μὲν
539 2100 713 2192 Ῥωμαίων
747 2102 923 2191 πράγματα
954 2103 1149 2191 παραδόξου

132 2209 278 2297 τυχόντα
301 2215 467 2300 σωτηρίας
489 2211 527 2279 έν
549 2208 683 2290 τούτοις
705 2201 759 2297 ἦν.

222 2319 342 2387 XXVI.
373 2314 409 2384 ‘O
436 2316 474 2385 δὲ
493 2314 654 2404 Ἀλβανδς
681 2316 796 2404 ἐπειδὴ
824 2319 983 2404 λαμπρῶς
1009 2314 1075 2404 ἤδη
1099 2343 1149 2384 νι-

133 2449 263 2505 κωντας
289 2422 453 2492 ἐθεάσατο
483 2422 562 2503 τοὺς
589 2421 735 2510 ἀμφὶ
702 2449 763 2491 τον
795 2421 942 2510 Τύλλον,
969 2422 1148 2510 καταβιβύ-
1162 2451 1190 2492 εο

134 2534 195 2612 σας
216 2531 272 2599 καλ
295 2527 396 2610 αύτδς
418 2526 483 2598 ἀπὸ
506 2533 576 2598 τῶν
598 2526 740 2616 ὑψηλῶν
762 2557 826 2618 την
850 2535 978 2599 οίκείαν
1001 2529 1149 2625 δύναμιν
1208 2583 1211 2588 -

135 2638 188 2706 ἐπὶ
215 2635 295 2718 τοῦς
322 2635 510 2724 φεύγοντας
536 2639 605 2705 τῶν
636 2636 834 2724 Φιδηναίων
862 2619 1039 2726 έχοόρει,“
1023 2664 1081 2705 ινα
1106 2635 1148 2724 δη

134 2757 205 2824 τοῖς
226 2740 352 2830 Ρωμαί
351 2769 401 2823 οις
429 2743 561 2829 γένοιτο
584 2745 666 2810 πᾶσι
689 2741 837 2833 φανερὸς
859 2747 961 2833 ἔργον
986 2769 1018 2811 τι
1040 2747 1149 2812 ποιοῦν

80 2849 317 2939 οεισνμμύχου
330 2849 386 2917 καλ
401 2846 548 2935 συχνούς
560 2851 629 2918 τόν
644 2851 934 2978 διεσκεδασμύιων
949 2851 1041 2918 έν
1001 2875 1042 2938 τη
1056 2875 1149 2937 φυγη

136 2959 319 3046 διέφθειρε.
351 2955 466 3034 συνεὶς
485 2953 580 3023 δὲ
545 2981 608 3042 την
627 2955 785 3024 διάνοιαν
804 2951 910 3024 αύτοῦ
932 2955 988 3023 καὶ
1007 2954 1189 3058 μισήσαςῆ

126 3063 196 3153 ’τὴν
218 3064 510 3148 παλινπροδοσίαν
533 3057 551 3128 δ
575 3059 704 3142 Τύλλος
731 3059 833 3131 ούδλν
861 3059 1093 3154 έξελέγχειν·”
1066 3086 1149 3128 ωετο

1164 2929 1185 2994 2

208 3231 223 3278 1
246 3219 304 3278 ῦπό
328 3221 383 3278 del
406 3219 510 3278 Βείελεε
530 3223 536 3292 Ι
555 3241 604 3296 της
627 3220 691 3277 add.
715 3221 833 3290 Hudson
913 3227 929 3276 ό
953 3215 1150 3290 ἀναστραφέν-

135 3291 264 3351 τωνΒ’
246 3288 510 3379 αναστρεφόντων
498 3293 524 3347 Β
578 3289 719 3380 λούιζειν
732 3294 758 3346 A
812 3296 847 3346 10
861 3291 1150 3380 <διεπεραιοῦντο>Β

136 3369 221 3422 διαπε
224 3365 369 3435 ρῦντεςΑ
440 3358 573 3419 Πόσοι..
592 3357 957 3448 ΒόοοιςΒΙτινεςΒιιΒ
1021 3369 1054 3417 12
1065 3361 1151 3452 τεθέ-

135 3457 196 3508 ριος
209 3437 232 3492 B
246 3439 304 3520 τιβ
293 3435 402 3524 έριαςΒ
417 3437 422 3505 λ
437 3429 554 3501 περὶ
520 3453 567 3503 τηι
586 3433 709 3505 φειδήνη
722 3434 772 3489 καλ
786 3428 898 3489 οκολιον
911 3433 935 3487 Β
990 3439 1024 3490 28
1039 3432 1151 3504 γένοιτο

135 3509 205 3565 πᾶσι
223 3507 246 3562 Β
264 3509 335 3562 πᾶσι
353 3504 464 3576 γένοιτο
483 3505 508 3559 Β
524 3506 529 3574 Ι
546 3506 677 3575 φανερός
695 3508 720 3560 A
797 3499 863 3562 26
851 3523 867 3560 ο
886 3521 940 3562 om.
960 3505 986 3559 A
