2670 3984
187 179 251 245 176
609 183 773 236 *B-

274 343 363 410 XVI.
394 347 514 430 Τρίτον
537 333 581 430 ἦν
603 346 653 424 ,ἐτι
671 339 844 430 Ῥωμύλου
861 347 1056 430 πολίτευμα,
1080 339 1098 412 δ
1118 343 1203 412 πάν-

184 474 253 518 των
286 447 429 535 μάλιστα
460 445 540 528 τοὺς
559 445 726 535 Ἕλληνας
756 447 872 517 ἀσκεῖν
905 453 989 536 ἔδει,
1021 449 1202 537 κράτιστον

186 552 346 624 ἀπάντων
368 554 622 642 πολιτευμάτων
645 552 813 642 ὑπάρχον,
837 552 882 636 ὦς
902 555 964 644 ἐμὴ
988 557 1071 639 δόξα
1094 561 1204 647 φέρει,Ι

188 659 205 732 ὃ
229 663 285 730 καὶ
307 666 367 750 της
389 667 531 749 βεβαίου
548 659 724 748 Ῥωμαίοις
737 664 938 751 ,ἐλευθερίας
955 655 1036 753 ἦρχε
1054 665 1110 734 καί
1133 669 1202 734 τῶν

146 799 160 840 ε
187 770 241 838 ἐπὶ
272 767 334 857 τὴν
366 766 552 856 ἡγεμονίαν
584 766 739 856 ἀγόντων
776 767 837 838 ούκ
870 772 1046 857 ἐλαχίστην
1078 786 1203 860 μοῖραν

186 879 345 964 παρέσχε,
372 875 410 946 τὸ
440 876 521 964 μήτε
547 875 792 963 κατασφάττειν
815 873 947 964 ἡβηδὸν
974 875 1033 957 τὰς
1055 875 1203 958 ἁλούσας

185 986 319 1074 πολέμφ
342 983 456 1062 πόλεις
477 983 560 1070 μήτε
578 981 886 1070 ἀνδραποδίζεσθαι
904 985 990 1072 μηδὲ
1007 989 1072 1072 γῆν
1089 984 1201 1054 αὐτῶν

187 1088 321 1158 ἀνιέναι
345 1089 553 1178 μηλόβοτον,
576 1087 659 1158 ἀλλά
685 1092 893 1176 κληρούχους
921 1095 969 1171 είς
991 1089 1094 1172 αύτάς
1116 1091 1256 1162 ἀπο-269
1323 1116 1330 1176 χ

187 1198 337 1265 στέλλειν
365 1198 418 1266 ἐπὶ
446 1198 539 1284 μέρει
566 1197 634 1264 τινί
660 1200 720 1282 τῆς
746 1195 857 1285 χώρας
883 1198 940 1266 καί
966 1212 1077 1266 ποιεῖν
1107 1197 1202 1268 ἀποι-

147 1331 173 1372 ιο
186 1307 260 1382 τιίας
282 1306 341 1390 τῆς
359 1301 487 1389 Ῥώμης
505 1301 563 1396 τάς
584 1309 822 1390 κρατηθείσας,
841 1306 947 1384 ἐνίαις
970 1304 1008 1372 δέ
1029 1307 1086 1374 καί
1108 1314 1202 1374 πολι-

151 1413 276 1490 2τείας
308 1409 536 1496 μεταδιδόναι.
580 1409 684 1478 ταῦτά
713 1436 748 1478 τε
778 1408 820 1497 δὴ
850 1411 906 1478 καὶ
936 1402 1041 1479 τάλλα
1069 1411 1202 1510 τούτοις

188 1514 289 1604 ὅμοια
306 1516 598 1605 καταστησάμενος
616 1516 839 1605 πολιτεύματα
856 1517 1004 1606 μεγάλην
1025 1521 1060 1586 ἐκ
1083 1524 1203 1608 μικρᾶς

188 1625 322 1710 ἐποίησε
344 1613 407 1711 τὴν
431 1622 600 1710 ἀποικίαν,
619 1621 664 1704 ὡς
683 1621 768 1692 αύτά
790 1622 831 1693 τά
855 1629 935 1711 ἔργα
953 1624 1133 1712 ἐδήλωσεν.
1170 1631 1206 1696 ολ

189 1729 251 1818 μὲν
282 1727 347 1817 γὰρ
379 1736 632 1811 συνοικίσαντες
668 1728 737 1818 μετ’
770 1727 875 1823 αύτρῦ
907 1729 969 1818 τὴν
997 1729 1128 1821 Ῥώμην
1162 1731 1203 1802 ού

148 1865 174 1906 ιτ
189 1842 325 1916 πλείους
344 1830 432 1924 ἦσαν
451 1835 589 1926 ἀνδρῶν
608 1843 801 1927 τρισχιλίων
820 1838 911 1919 πεζοὶ
928 1839 985 1906 καὶ
1000 1845 1203 1924 τριακοσίων

188 1945 346 2026 ἐλάττους
378 1948 500 2039 λυπεῖς·
534 1949 570 2014 οί
600 1943 637 2012 δὲ
668 1946 949 2030 καταλειφθέντες
977 1942 1034 2013 ὑπ’
1060 1949 1203 2036 ἐκείνου,

188 2050 237 2120 ὅτ’
264 2055 297 2134 ἐξ
324 2051 519 2140 ἀνθρώπων
547 2049 740 2139 ἠφανίσθη,
772 2051 863 2133 πεζοὶ
895 2050 957 2138 μὲν
989 2051 1204 2141 ἑξακισχίλιοι

187 2157 272 2246 πρὸς
293 2161 446 2244 τέτταρσι
469 2158 641 2245 μυριάσιν,
666 2162 774 2238 ίππεῖς
798 2157 830 2226 δ’
852 2157 894 2227 ού
917 2157 1005 2228 πολὺ
1025 2159 1204 2248 ἀπέχοντες

148 2275 169 2340 3
188 2271 316 2352 χιλίων.
357 2267 489 2334 ἐκείνου
513 2265 550 2332 δέ
575 2263 738 2353 ἀρξαντος
759 2271 829 2335 τόν
852 2267 1104 2355 πολιτευμάτων
1126 2268 1203 2338 τού·

148 2400 175 2439 ιο
188 2398 257 2440 των
291 2375 326 2440 οἵ
355 2398 390 2440 τε
421 2377 569 2458 βασιλεῖς
602 2375 637 2440 οί
667 2369 736 2459 μετ’
769 2371 874 2442 αύτδν
906 2371 1114 2462 ἡγησάμενοι
1146 2380 1204 2462 τῆς

188 2477 317 2556 πόλεως
338 2476 400 2564 τὴν
424 2475 531 2564 αὐτὴν
554 2478 763 2566 ἐφυλάξαντο
782 2485 980 2567 προαίρεσιν
998 2482 1054 2550 καλ
1078 2485 1114 2550 oc
1130 2481 1200 2570 μετ’

190 2587 339 2664 ἐκείνους
368 2582 427 2664 τάς
455 2587 648 2665 ἐνιαυσίους
680 2585 909 2673 λαμβάνοντες
936 2585 1040 2675 ἀρχάς
1067 2585 1203 2658 ἐστινά

187 2691 243 2758 καὶ
272 2693 527 2778 προστιθέντες,
557 2689 664 2772 οὕτως
694 2690 778 2762 ὥστε
807 2692 952 2780 μηδενὸς
980 2699 1106 2775 ἔθνους
1138 2700 1258 2766 τούεῖο

189 2801 373 2878 δοκοῦντος
414 2797 502 2868 εἶναι
542 2799 900 2886 πολυανθρωποτάτου
935 2798 997 2870 τὸν
1029 2799 1203 2889 Ῥωμαίων

148 2930 175 2972 τι
188 2907 350 2993 γενέσθαι
374 2909 484 2996 δῆμον
510 2906 678 2976 ἐλάττονα.

262 3167 311 3227 1“
296 3193 311 3228 ο
331 3167 426 3228 πάντα
441 3169 561 3244 μαλιστα
574 3167 633 3227 Α
618 3195 633 3230 ο
654 3170 773 3262 μάλιστα
787 3175 810 3228 Β
866 3181 883 3230 4
897 3173 1079 3264 ρωμαίριςε
1048 3177 1079 3250 βε
1082 3179 1166 3263 βαίου
1180 3179 1203 3232 Β

190 3239 391 3312 ὃάναχόντων
414 3244 463 3299 Α·
526 3251 542 3298 6
566 3246 689 3315 παρέσχε
712 3242 744 3300 τὸ
745 3245 864 3336 μηκέτι
887 3249 911 3302 A
943 3243 1065 3317 ἠχάχετο
1091 3244 1204 3318 μήτεΒ

143 3338 145 3342 ·
191 3320 223 3368 11
243 3313 386 3371 ταῦταδέ
406 3310 441 3384 δὴ
456 3317 479 3370 Β
496 3316 499 3388 1
516 3311 625 3371 ἀλλαΑ
644 3317 693 3372 καὶ
712 3311 754 3372 ἐτ’
774 3315 845 3372 ἀλλα
858 3318 987 3374 Meineke
1058 3326 1091 3374 14
1110 3338 1205 3375 συνοι-

189 3382 368 3470 κήσαντεςΒ
451 3393 484 3442 18
503 3387 632 3474 τέτταρσι
654 3391 680 3442 Α
708 3389 809 3460 τέοσαρ
812 3407 839 3444 σι
860 3391 886 3444 Β
969 3397 1001 3444 19
1020 3385 1129 3445 τούτων
1147 3393 1204 3446 τόν

189 3451 402 3526 πολιτευμάτων
420 3458 446 3511 A
518 3465 550 3512 21
572 3455 719 3528 ἐφύλαξαν
737 3462 763 3513 Α
834 3466 869 3518 24
887 3461 944 3516 τόν
964 3459 1097 3532 ῥωμαίων
1115 3465 1141 3516 Α
