2682 3982
200 213 267 282 ωε
625 219 790 269 -r-

200 373 238 444 δὲ
256 371 417 462 Ῥωμαῖος
439 371 600 444 ὑπελθὼν
622 372 685 461 τὴν
703 370 877 460 προβολὴν
899 375 960 442 τοῦ
978 377 1142 460 πολεμίου
1160 375 1220 442 καὶ
1315 375 1316 398 ’

198 484 268 550 τῶν
292 484 421 568 ίγννιόν
443 478 505 568 τὴν
530 481 647 568 ἑτέραν
669 477 856 568 ὑποτεμών.

288 591 360 658 XX.
389 585 425 656 ‘0
447 588 510 676 μὲν
534 586 576 676 δὴ
599 587 638 658 τδ
661 592 795 676 καίριον
817 591 948 675 τραῦμα
971 586 1085 673 λαβὼν
1108 582 1221 667 εὐθὺς

200 693 384 782 ἐτεθνήκει,
408 691 427 763 ὁ
446 694 484 764 δέ
501 694 564 782 τὴν
583 693 706 781 ίγνόαν
724 695 929 782 τετρωμένος
948 691 1058 764 οὐκέτι
1078 695 1220 780 βέβαιος

174 792 245 888 ιῆν
269 800 417 887 ἑστάναι,
435 801 566 884 σκάζων
585 800 622 872 δέ
639 801 695 873 καὶ
713 799 754 870 τά
771 799 879 872 πολλὰ
896 805 942 894 τῷ
961 803 1075 893 θυρεῷ
1095 803 1219 888 διερει-

201 905 345 994 δόμενος
372 903 523 996 ἀντεῖχον
551 906 642 996 ὅμως
669 911 717 977 ἐτι
745 908 801 979 καὶ
829 906 910 995 μετὰ
939 910 1000 976 τοῦ
1027 914 1220 995 περιλειπο-
1315 907 1316 988 ί

199 1014 305 1102 μένου
336 1016 405 1084 τιὸν
435 1012 595 1101 ἀδελφάν
627 1015 680 1090 ἐπὶ
715 1011 776 1082 τὸν
806 1010 1021 1101 ὑπομένοντα
1048 1011 1219 1100 Ῥωμαῖον

200 1120 327 1210 ἐχιόρει,
346 1119 568 1209 περιέστησάν
585 1147 621 1189 τε
639 1117 746 1190 αὐτόν
765 1117 783 1188 δ
802 1119 864 1208 μὲν
883 1121 916 1202 ἐξ
935 1122 1089 1202 ἐναντίας
1110 1140 1219 1210 προσ-

160 1226 280 1313 2ιοόν,
304 1225 322 1298 δ
350 1227 387 1296 δὲ
409 1226 492 1298 κατά
515 1226 638 1296 νότον.
681 1230 727 1320 τῷ
756 1227 794 1298 δέ
811 1225 962 1319 Ῥωμαίφ
991 1231 1141 1296 δείσαντι
1169 1227 1219 1316 μὴ

161 1361 188 1404 ιο
201 1334 387 1414 κυκλωθεὶς
418 1331 501 1422 πρὸς
533 1332 646 1402 αὐτῶν
677 1332 936 1422 εὐκατέργαστος
967 1335 1104 1421 γένηται
1134 1338 1223 1403 δυσί

198 1465 233 1508 τε
256 1439 446 1528 μαχόμενος
467 1441 523 1510 καὶ
546 1439 688 1528 διχόθεν
712 1442 875 1526 ἐπιοῦσιν,
898 1431 942 1527 ἦν
966 1439 1004 1508 δὲ
1026 1439 1220 1529 ἀκραιφνὴς

199 1549 263 1632 ἔτι,
286 1545 446 1635 λογισμὸς
475 1549 656 1636 εἰσέρχεται
687 1551 811 1616 διελεῖν
838 1544 917 1627 τοὺς
944 1553 1124 1635 πολεμίους
1154 1545 1215 1622 ἀπ’

198 1650 354 1741 ἀλλήλων
372 1655 429 1724 καὶ
451 1655 553 1743 χωρὶς
572 1656 716 1746 ἑκατέρω
735 1653 910 1742 μάχεσθαι.
951 1657 1057 1745 ῥᾷστα
1080 1653 1118 1722 δδ
1141 1659 1219 1723 δια-

199 1759 335 1848 στήσειν
358 1760 482 1844 αότοὺς
503 1759 751 1849 ὑπελάμβανεν,
774 1766 806 1830 εί
830 1761 934 1844 δόξαν
957 1760 1123 1850 παράσχοι
1146 1780 1274 1848 φυ-ίοο

159 1889 185 1932 ιε
199 1869 271 1954 γῆς·
297 1865 338 1938 οὐ
359 1866 424 1956 γάρ
442 1865 499 1936 ὑπ’
521 1867 722 1957 ἀμφοτέρων
741 1866 925 1950 διάξεσθαι
942 1871 1011 1938 τόν
1030 1867 1218 1956 Ἀλβανῶν,

199 1971 272 2044 ἀλλ’
298 1971 359 2062 ὑφ’
386 1975 477 2062 ἑνός,
510 1973 600 2064 ὁρῶν
633 1974 694 2046 τὸν
726 1973 877 2062 ἀδελφὸν
910 1973 1021 2044 οὐκέτι
1049 1975 1217 2064 καρτερὸν

198 2084 267 2150 τάν
289 2084 416 2150 ποδοῖν.
466 2085 569 2152 ταῦτα
592 2080 677 2169 <δὴ>
702 2081 899 2168 διανοηθείς
926 2079 973 2161 ὡς,
997 2079 1064 2168 εἶχε
1090 2080 1217 2168 τάχους

199 2192 320 2276 ἔφευγε
343 2189 400 2258 καὶ
423 2191 606 2258 συνέπεσεν
634 2187 725 2280 αὐτῷ
748 2187 793 2276 μὴ
818 2192 1013 2277 διαμαρτεῖν
1042 2193 1101 2273 τῆς
1124 2191 1216 2258 ἐλπί-

159 2292 180 2356 3
201 2297 268 2374 δος.
309 2291 327 2362 δ
351 2293 414 2382 μὲν
435 2291 500 2382 γάρ
524 2296 633 2383 ἕτερος
655 2299 724 2364 των
743 2292 915 2382 Ἀλβανῶν
942 2293 1103 2381 οὐδεμίαν
1126 2300 1215 2382 έχων

161 2423 189 2464 ιο
202 2399 334 2488 πληγὴν
356 2406 491 2490 καίριον
513 2404 652 2472 έδίωιιεν
676 2398 781 2471 αὐτὸν
804 2400 959 2487 ἐκποδός,
985 2398 1004 2470 δ
1029 2399 1060 2470 δ’
1087 2402 1214 2488 έπιβαί

199 2531 273 2574 νειν
296 2504 465 2587 άδάνατος
493 2502 542 2576 όν
569 2505 657 2576 πολὺ
683 2511 745 2576 τοῦ
773 2510 911 2588 δέοντος
939 2506 1079 2595 ὑστέρει.
1125 2513 1214 2576 ἔνθα

199 2609 242 2698 δὴ
264 2615 332 2682 τοῖν
354 2609 526 2698 Ἀλβανοόν
548 2627 619 2692 τοῖς
642 2615 815 2700 σφετέροις
838 2615 1120 2702 ἐγκελευομένων,
1142 2619 1213 2684 τῶν

199 2717 237 2786 δέ
259 2715 434 2806 Ῥωμαίων
466 2716 527 2786 τὸν
559 2716 672 2788 αὑτῶν
704 2716 895 2807 ἀγωνιστὴν
922 2719 1126 2802 κακιζόντων
1155 2723 1214 2790 καὶ

197 2827 267 2894 τόν
289 2823 352 2912 μὲν
376 2823 419 2912 δὴ
445 2824 692 2906 παιανιζόντων
718 2851 754 2894 τε
779 2827 836 2894 καὶ
859 2829 1143 2915 στεφανουμένων
1166 2825 1214 2908 ὡς

271 3064 285 3112 1
309 3052 466 3131 προςβολὴκ
489 3073 513 3114 ο.
537 3055 660 3129 Sylburg
745 3065 763 3118 2
786 3055 891 3129 ίγεάων
916 3059 939 3116 Ο
1020 3066 1039 3116 4
1061 3054 1165 3129 ίγνόαν
1187 3061 1213 3114 Β

199 3124 280 3196 ίγνότ
298 3129 324 3183 Β,
379 3123 564 3214 153Λλβανάν
583 3128 707 3185 Sintenis
724 3131 786 3186 Em.
801 3129 882 3186 Dion.
897 3132 924 3185 11
941 3151 970 3202 p.
985 3136 1018 3188 11
1038 3126 1212 3216 άδελφῶτΟ

199 3204 233 3253 16
262 3194 338 3267 δρῶν
364 3200 387 3253 Β
414 3198 536 3268 ορῶντος
562 3201 588 3256 R
676 3209 709 3256 17
742 3203 797 3258 τῶν
824 3198 911 3257 τόδ..
935 3204 981 3258 Βε.
1012 3199 1062 3258 τὸν
1084 3203 1162 3256 ποδα
1185 3203 1213 3258 R

197 3269 255 3324 τῶν
272 3270 370 3325 ποδοῖν
388 3269 477 3356 Cobet
491 3269 555 3327 Oba.
570 3290 597 3342 p.
611 3279 646 3328 64
661 3277 666 3342 Ι
682 3269 719 3342 δὴ
738 3291 792 3330 om.
808 3273 831 3328 Ο
848 3273 959 3328 addidit
977 3273 1065 3330 Cobet
1082 3274 1101 3328 l.
1116 3273 1135 3328 1.
1152 3269 1213 3362 [ὥς

198 3337 274 3410 εἶχεν
294 3338 391 3411 ἐφυγει
406 3343 552 3412 ταχουςΟ
576 3361 645 3400 corr.
664 3345 813 3415 Kiessliug,
837 3344 926 3402 Cobet
947 3347 1000 3400 l.1.
1074 3351 1107 3400 19
1127 3347 1212 3400 ουδε-

198 3414 266 3481 μίατ
283 3413 307 3467 Β
319 3413 510 3538 μηδεμίανίῖ
577 3421 610 3469 21
630 3412 743 3486 ὑστέρει
760 3417 807 3472 Bb
824 3412 942 3487 ὑστερεῖ
955 3417 1031 3474 ΒεΒ
1094 3422 1128 3471 22
1149 3411 1213 3472 έπι-

197 3487 317 3554 κελευομ
334 3484 432 3539 νωνΒ
499 3490 535 3539 24
552 3481 608 3556 ἤδη
627 3505 649 3543 ο.
668 3487 810 3559 Kiessling
