2698 3982
569 263 733 318 -Α-
1112 265 1157 332 25

140 437 211 503 τοῖς
237 449 272 492 τε
295 421 413 504 ἄλλοις
439 423 623 512 βαρβάροις
650 425 707 492 καί
728 423 866 494 πάντων
894 425 1035 513 μάλιστα
1058 433 1156 494 Σικε-

140 538 211 610 λοῖς
240 527 463 618 ὁμοτέρμοσιν
492 522 591 600 οὖσιν
619 528 703 618 ὑπὲρ
730 535 789 618 τής
815 531 926 619 χώρας
957 534 1157 619 ἐπολέμουν,

140 634 178 704 τὸ
210 635 272 724 μὲν
304 641 439 726 πρῶτον
471 636 544 726 ίερό
575 664 626 718 τις
657 639 842 720 ἐξελθοῦσα
874 636 1002 724 νεότης,
1033 636 1157 726 ἄνδρες

141 739 251 829 όλίγοι
277 740 361 812 κατὰ
386 747 466 830 βίον
494 741 630 830 ζήτησιν
657 739 723 814 ὑπὸ
750 747 819 814 τῶν
841 745 1051 832 γειναμένων
1075 741 1157 814 ὐπο-

7 941 16 948 ·
141 851 333 935 σταλέντες,
366 853 446 929 ἐθος
477 849 721 938 ἐκπληροῦντες
751 847 912 939 ἀρχαῖον,
944 841 973 943 ᾦ
1010 847 1186 931 πολλούςῡ

139 954 322 1043 βαρβάρων
353 981 389 1023 τε
419 955 476 1024 καὶ
503 951 677 1041 Ἑλλήνων
709 957 884 1044 ἐπίσταμαι
915 957 1157 1044 χρησαμένους.

142 1059 239 1130 ὁπότε
262 1059 327 1148 γὰρ
355 1066 403 1142 είς
430 1060 533 1148 ὄχλου
555 1065 689 1147 πλῆθος
717 1064 870 1132 ἐπίδοσιν
893 1065 932 1130 αί
951 1062 1067 1144 πόλεις
1088 1062 1199 1144 mli).

141 1166 277 1254 λάβοιεν
301 1166 385 1238 ι’όστε
408 1169 524 1256 μηκέτι
548 1165 606 1248 τὰς
629 1172 752 1248 οἰκείας
769 1167 897 1258 τροφὰς
919 1167 1045 1238 ἅπασιν
1067 1165 1156 1238 εἶναι

142 1247 304 1362 διαρκέῖς,
334 1270 356 1362 ή
384 1282 576 1344 κακωθεῖσα
603 1287 675 1354 ταῖς
707 1271 882 1363 οὐρανίοις
909 1281 1107 1362 μεταβολαῖς
1134 1271 1156 1361 ή

141 1385 182 1467 γή
212 1386 376 1462 σπανίους
407 1379 488 1460 τούς
520 1378 686 1460 εἰωθότας
715 1378 864 1466 καρποὺς
892 1382 1107 1476 ἐξενέγκειεν,
1135 1375 1199 1468 ήιο

140 1486 275 1556 τοιόνδε·
296 1513 329 1556 τι
351 1485 463 1568 πόθος
485 1485 567 1555 ἄλλο
582 1485 641 1567 τὰς
653 1486 767 1568 πόλεις
789 1485 956 1576 κατασχὸν
976 1497 1041 1559 είτε
1064 1485 1157 1574 ῦμει-

86 1614 121 1663 43
140 1619 203 1662 νον
236 1602 301 1662 είτε
332 1607 446 1681 χεῖρον
483 1591 634 1680 ἀνάγκην
670 1593 856 1682 ἐπιστήσειε
893 1594 1061 1682 μειώσεως
1095 1595 1158 1662 τοῦ

139 1691 311 1787 πλήθους,
350 1704 445 1768 θεῶν
487 1697 553 1792 ότφ
597 1699 639 1788 δή
681 1707 921 1790 καθιεροῦντες
962 1699 1158 1790 ἀνθρώπων

141 1809 266 1886 ἐτείους
297 1803 401 1892 γονὰς
428 1808 610 1894 ἐξέπεμπον
639 1805 756 1890 ὅπλοις
782 1809 1011 1896 κοσμήσαντες
1035 1809 1070 1876 ἐκ
1099 1809 1159 1892 τῆς

141 1914 318 1999 σφετέρας·
341 1917 372 1980 εί
393 1911 455 2000 μὲν
478 1909 562 2001 ὑπὲρ
587 1911 768 2002 εὐανδρίας
790 1909 810 2002 ή
830 1920 925 2002 νίκης
948 1917 985 1984 ἐκ
1007 1915 1157 2000 πολέμου
1166 1940 1198 1994 Ιιι

139 2016 337 2106 χαριστήρια
359 2027 455 2100 θεοῖς
477 2017 688 2107 ἀποδιδοῖεν,
710 2020 921 2110 προθύοντες
941 2018 1014 2108 ίερίι
1036 2017 1077 2090 τό
1099 2045 1157 2086 νο·
1234 2033 1238 2042 ’

141 2124 312 2212 μιξόμενα,
335 2123 501 2213 εὐφήμοις
524 2131 661 2208 οίωνοῖς
682 2126 741 2210 τὰς
767 2125 921 2208 ἀποικίας
942 2127 1156 2216 προπέμπον-

140 2252 210 2311 τες·
238 2235 270 2298 εί
292 2229 323 2299 δ’
349 2233 403 2302 ἐπὶ
425 2237 589 2321 μηνίμασι
618 2237 808 2322 δαιμονίοις
829 2230 1022 2320 ἀπαλλαγὰς
1044 2230 1156 2302 αίτού-

142 2365 237 2429 μενοι
264 2344 333 2408 των
361 2338 571 2428 κατεχόντων
600 2343 688 2427 σφᾶς
714 2344 825 2408 κακόν
853 2338 891 2411 τὸ
921 2338 1156 2428 παραπλήσιον

142 2449 262 2538 δρῷεν,
286 2444 386 2516 αὐτοί
404 2472 439 2515 τε
461 2445 649 2534 ἀχθόμενοι
671 2448 727 2515 καί
755 2446 1000 2535 συγγνεόμονας
1022 2445 1155 2529 ὐξιοῦν-
1170 2471 1199 2512 ιο

140 2579 193 2634 τες
214 2555 376 2640 γενέσθαι
398 2551 802 2642 τούς.ἆπελαυνομένονς.
826 2559 862 2622 οί
883 2554 920 2623 δὲ
943 2551 1199 2627 ὐααναστόν-ιδ

141 2687 193 2740 τες
216 2657 262 2740 ὡς
285 2658 395 2729 οὐκέτι
416 2664 476 2747 τής
497 2659 652 2752 πατρῴας
673 2665 735 2748 γής
757 2661 1039 2750 μεταληψόμενοι,
1062 2665 1094 2728 εί
1110 2656 1156 2748 μή

141 2765 320 2852 κτήσαιντο
357 2766 494 2854 ἑτέραν,
529 2764 592 2853 τήν
633 2763 885 2855 ὑποδεξαμένην
927 2766 1051 2850 αὐτοῦς
1090 2774 1156 2834 εἴτε

141 2871 223 2960 πρὸς
256 2875 375 2960 φιλίαν
412 2882 476 2942 είτε
508 2876 546 2954 ἐν
578 2876 712 2965 πολέμῳ
748 2884 975 2963 κρατηθεῖσαν
1011 2874 1156 2959 πατρίδα

214 3109 229 3157 ’1
249 3097 345 3165 πόλεις
368 3104 447 3171 σφίσι
469 3120 492 3158 ο.
517 3103 627 3160 Urlichs
650 3103 737 3159 ΕοεΙ
761 3123 789 3174 p.
809 3111 874 3174 ³09,
902 3107 1027 3162 Heroher
1049 3124 1108 3166 πως
1132 3120 1155 3158 ο.

142 3173 252 3230 Βίῒεολι]
274 3175 414 3228 πολιτεῖαι
438 3190 461 3230 υ.
480 3173 625 3246 Kiessling
714 3170 894 3244 θούρανίοις
915 3179 940 3232 A
968 3173 1114 3246 οὐρανίαις
1131 3174 1158 3228 R

178 3251 212 3300 10
231 3239 404 3312 *ἐξήνεγκεν
423 3245 446 3301 Ο
502 3251 535 3300 13
555 3241 622 3300 ῦτωι
640 3241 677 3316 δή
696 3247 721 3300 A
739 3241 832 3314 ῦτωδή
852 3247 875 3300 Β
948 3253 982 3302 14
1006 3245 1114 3306 αίτίους
1129 3243 1157 3298 A

144 3309 334 3388 <ἐ>τ<ε>ίους
356 3315 379 3370 Β
451 3323 485 3372 20
504 3317 607 3384 δρῦιεν
630 3317 654 3370 A
682 3317 773 3384 δρῦεν
790 3315 813 3371 Β
830 3319 834 3386 Ι
851 3312 937 3372 αὐτοί
951 3319 1028 3388 γεΒ
1058 3309 1159 3376 αὐτοῖς

143 3405 172 3441 τε
195 3381 406 3454 ΒΙύξιοῦντας
424 3387 450 3440 A
526 3392 559 3440 21
579 3387 758 3455 γενέσθαιΒ
795 3389 927 3457 γίνεσθαι
949 3389 975 3443 R
1053 3393 1087 3441 22
1106 3383 1158 3454 τῆς

145 3456 196 3513 del.
215 3457 328 3546 Sauppe
346 3455 417 3526 Eph.
437 3456 514 3513 σου.
534 3464 602 3514 ιεοι
622 3477 649 3530 p.
670 3464 738 3514 1859
765 3489 770 3508 ι
802 3464 836 3512 ιι
854 3451 1071 3530 ῖποοιεαμέιηι
1084 3455 1158 3512 AB:

145 3521 356 3598 ῦποδεξομενην
374 3527 421 3582 Bb
436 3528 441 3602 Ι
458 3523 556 3592 αὐτοῖς
578 3530 617 3584 Ba
692 3535 727 3584 24
746 3524 778 3584 ἐν
801 3528 856 3584 del.
876 3527 966 3586 Cobet
985 3529 1050 3586 obs.
1073 3548 1100 3601 p.
1121 3529 1155 3580 21
