2670 3984
616 260 780 314 -B-

192 439 249 488 σιν
272 420 325 489 έπλ
347 424 405 507 τῆς
427 417 586 506 ὀξύτητος
607 423 676 488 τῶν
696 417 900 506 ὑπηρεσιῶν,
920 417 1015 508 (τοὺς
1036 415 1102 506 γὰρ
1126 419 1211 488 ἕποι’·

192 554 277 614 μους
307 528 363 596 καὶ
394 540 503 614 ταχεῖς
534 526 610 613 περὶ
640 524 681 594 τὰ
713 531 793 614 ἔργα
822 525 959 612 κέλερας
990 529 1026 593 οἱ
1045 521 1207 612 Ῥωμαῖοι

191 633 369 723 καλοῦσιν)
393 629 439 712 ὡς
462 631 500 700 δὲ
523 629 708 719 Οὐαλέριος
730 629 748 700 ό
769 630 915 711 Ἀντιεός
938 650 1043 718 φησιν
1064 633 1117 700 έπλ
1140 636 1266 701 τοῦ263
1332 697 1333 704 ι

153 743 174 807 3
193 737 358 827 ἡγεμόνος
381 736 493 807 αὐτῶν
516 735 607 807 τοῦτ’
634 743 769 825 ἔχοντος
795 733 953 826 τοῦνομα.
998 730 1130 825 ἦνγόιρ
1154 742 1213 809 καὶ

152 875 166 916 ι
192 845 323 915 τούτων
346 843 481 934 ἡγεμὼν
504 843 522 914 ό
544 846 819 932 διαφανέστατος,
837 836 864 938 ᾧ
882 857 971 933 τρεῖς
993 843 1212 933 ὑπετάγησαν

194 951 429 1040 ἑκατόνταρχοι
451 952 508 1020 καλ
531 943 633 1030 αὖθις
659 948 716 1020 ὑπ’
743 953 883 1031 έκεένοις
911 953 1018 1038 ἕτεροι
1045 949 1106 1032 τάς
1128 949 1212 1021 ὑπο-

194 1061 368 1148 δεεστέρας
396 1064 527 1146 ἔχοντες
554 1056 673 1146 άρχάς,
706 1064 743 1126 οἳ
766 1056 849 1126 κατὰ
876 1057 976 1127 πόλιν
1004 1058 1067 1145 μὲν
1095 1063 1212 1147 αἰχμο-

164 1177 167 1184 “
194 1165 297 1254 φόροι
319 1191 355 1233 τε
377 1163 467 1257 αὐτῷ
491 1164 778 1253 παρηκολούθουν
805 1165 861 1234 καλ
888 1169 957 1233 τῶν
980 1167 1215 1254 κελευομένων

193 1269 369 1361 ὑπηρέται,
397 1267 480 1339 κατὰ
509 1270 547 1339 δὲ
573 1269 632 1350 τὰς
658 1277 830 1358 στρατείας
856 1272 1027 1360 πρόμαχοί
1054 1297 1090 1340 τε
1122 1264 1214 1360 ἦσαν

155 1407 181 1448 ιο
194 1379 249 1446 καλ
273 1381 510 1466 παρασπισταί·
543 1378 599 1445 καλ
626 1377 796 1447 τὰπολλὰ
825 1369 919 1447 οὗτοι
945 1377 1149 1465 κατώρθουν
1175 1381 1214 1448 ἐν

194 1497 265 1564 τοῖς
288 1481 394 1570 άγῶσι
416 1487 547 1573 πρῶτοί
565 1510 601 1552 τε
624 1483 784 1574 ἄρχοντες
811 1483 917 1572 μάχης
943 1486 999 1552 καὶ
1025 1493 1214 1555 τελευταῖοι

194 1595 263 1658 τῶν
286 1589 399 1660 ἄλλων
422 1588 656 1678 ἀφιστάμενοι,
678 1593 788 1670 ἱππεῖς
815 1587 876 1677 μέν
905 1595 992 1658 ἔνθα
1019 1591 1212 1680 ἐπιτήδειον

195 1706 246 1784 εἴη
269 1702 389 1766 πεδίον
412 1700 693 1785 ἐνιππομαχῆσαι,
720 1697 811 1778 πεζοὶ
834 1696 873 1765 δὲ
896 1694 983 1766 ὅπου
1009 1696 1132 1786 τραχὺς
1159 1709 1214 1788 εἴη

154 1805 250 1874 4ιιαλ
274 1803 419 1884 άνιππος
445 1805 556 1884 τόπος.
599 1802 701 1872 τοῦτό
730 1830 787 1891 μοι
816 1807 911 1873 δοκεῖ
936 1802 1027 1890 παρὰ
1050 1809 1216 1874 Λακεδαι-

155 1943 181 1984 ιε
195 1917 326 1999 μονίοιν
355 1914 619 1999 μετενέγκασθαι
646 1909 684 1978 τό
713 1916 795 1991 έθος
824 1909 946 1999 μαθιόν
970 1909 1024 1980 ότι
1051 1913 1107 1980 καὶ
1130 1911 1213 2001 παρ’

195 2021 336 2100 ἐκείνοις
359 2023 396 2088 ολ
411 2017 644 2106 γενναιότατοι
662 2021 731 2086 τῶν
750 2020 839 2087 νέων
858 2016 1046 2105 τριακόσιοι
1064 2019 1216 2106 φύλακες

193 2118 282 2212 ἦσαν
305 2128 373 2194 τῶν
397 2127 576 2211 βασιλέοιν,
600 2119 651 2203 οἷς
673 2126 820 2212 ἐχρῶντο
839 2123 921 2192 κατὰ
943 2123 1023 2205 τοὺς
1044 2119 1227 2214 πολέμους

195 2246 451 2320 παρασπισταῖς,
476 2234 614 2300 ἱππεῦσί
632 2255 668 2298 τε
692 2222 769 2298 οὖσι
791 2231 847 2298 καλ
870 2237 988 2314 πεζοῖς.

284 2341 392 2407 XIIII.
429 2337 734 2425 Καταστησάμενος
765 2335 807 2424 δὴ
838 2340 943 2407 ταῦτα
976 2339 1124 2425 διέκρινε
1155 2338 1216 2420 τὰς

155 2475 183 2516 νο
196 2444 293 2533 τιμὰς
314 2447 371 2513 καὶ
392 2442 451 2524 τὰς
474 2446 640 2530 ἐξουσίας,
668 2440 708 2524 ἃς
736 2443 895 2524 ἑκάστους
923 2443 1079 2530 ἐβούλετο
1110 2450 1209 2533 ἔχειν.

194 2559 328 2640 βασιλεῖ
349 2551 410 2638 μὲν
439 2542 502 2619 οὖν
526 2549 664 2639 ἐξῄρητο
691 2548 834 2619 τάδετὰ
857 2552 953 2638 γέρα·
984 2555 1120 2638 πρῶτον
1145 2552 1271 2641 μὲνεθι

197 2661 297 2748 ίεριόν
329 2659 386 2725 καὶ
417 2661 552 2726 θυσιῶν
585 2655 769 2745 ἡγεμονίαν
808 2661 896 2743 ἔχειν
932 2657 989 2725 καὶ
1019 2657 1131 2727 πάντα
1164 2658 1210 2728 δι’

196 2768 328 2835 ἐκείνου
350 2762 557 2850 πράττεσθαι
583 2763 624 2833 τά
649 2763 733 2853 πρὸς
754 2761 834 2843 τοὺς
860 2763 964 2844 θεοὺς
987 2761 1076 2851 ὅσια,
1100 2771 1212 2836 ἔπειτα

195 2871 314 2960 νόμιον
343 2898 379 2940 τε
406 2872 461 2940 καλ
489 2877 639 2960 πατρίων
668 2874 820 2958 ἐθισμῶν
853 2869 1010 2958 φυλακὴν
1037 2883 1213 2942 ποιεῖσθαι

156 2981 253 3048 τεκαὶ
275 2976 401 3059 παντὸς
423 2982 485 3048 τοῦ
499 2976 591 3058 ,κατὰ
612 2978 719 3066 φύσιν
741 2973 762 3064 ἢ
781 2975 863 3046 κατὰ
883 2977 1057 3065 συνθήκας
1076 2982 1214 3048 όικαίον

195 3100 356 3174 προνοεῖν
384 3091 454 3155 τῶν
481 3113 517 3154 τε
544 3083 760 3172 ἀδικημάτων
789 3081 831 3152 τόι
854 3086 992 3171 μέγιστα
1019 3083 1082 3172 μὲν
1106 3083 1213 3155 αὐτὸν

267 3316 431 3386 θγαλέριος
449 3315 501 3370 AB
526 3317 531 3384 Ι
553 3309 704 3378 Ἀντιόιςο
725 3259 814 3370 Οοοεό
837 3314 944 3384 Θόας)
946 3321 1005 3370 ,43
1079 3311 1213 3372 λαότάν

195 3405 249 3444 om.
274 3389 300 3442 A
385 3393 401 3442 6
427 3381 631 3512 ἑκατοντάρχαι
654 3386 677 3441 0
703 3402 773 3441 corr
800 3333 944 3473 Kiessling
1030 3382 1139 3442 ’ἱκανά
1159 3385 1213 3458 τὴν

194 3453 320 3514 πόλινο.
335 3458 491 3513 Ambrosch
507 3461 512 3527 Ι
528 3455 562 3527 μὲ
564 3475 581 3511 ν
599 3457 691 3511 οιτι.Β
764 3451 1019 3526 8ἠκολοόθοονΒ
1092 3464 1213 3530 9στρα-

194 3525 298 3590 τιὰςΒ
371 3536 405 3584 10
424 3523 551 3583 οντωιΒ
