2682 3982
558 241 723 294 ,p-

134 397 219 486 ὑπὲρ
255 389 295 486 ἧς
330 401 398 467 τῶν
435 396 549 466 ἀλλων
585 403 742 468 Λατίνων
783 395 895 480 οὐδεὶς
931 397 1150 469 ἀντιποιεῖται

133 503 218 594 πρὸς
244 502 344 592 ἡμᾶς,
376 507 477 574 τούτο
500 503 676 593 Ῥωμαίοις
702 504 740 575 τὸ
769 511 952 593 πολίτευμα
978 498 1078 595 ἦρξεν
1110 498 1152 576 ού

136 609 179 679 σὺ
205 610 414 702 κατηγόρεις,
442 603 469 679 ῶ
501 613 694 700 Φουφέττιε.
744 615 782 682 ἐν
815 611 906 700 ἰσχύι
937 610 1003 699 γὰρ
1036 609 1191 682 όπλωνύ

134 729 239 786 κεῖται
271 715 309 786 τὸ
341 721 410 786 τῶν
443 716 575 785 πόλεων
608 716 745 805 κράτος,
779 715 863 806 αὕτη
892 717 923 784 δ’
955 720 991 786 ἐκ
1017 722 1152 788 πολλῶν

136 823 300 911 σωμάτων
332 829 476 911 γίνεται·
512 837 585 903 ταῖς
618 823 656 892 δὲ
682 838 820 912 μικραῖς
850 825 906 893 καὶ
943 823 1180 914 ὀλιχανθρῶ-ε

135 953 211 1009 ποις
237 930 293 998 καί
321 927 378 997 διά
404 933 505 998 τούτο
535 929 717 1000 ἀσθενέσιν
747 928 811 1000 ούκ
833 935 924 999 ἔστιν
947 929 1063 1019 ἀρχειν
1087 933 1152 1001 ἑτέ-

81 1057 227 1122 43θρων,
251 1033 325 1104 ἀλλ’
357 1034 431 1105 οὐδ’
465 1038 594 1106 ἑαυτῶν
624 1035 749 1125 ἀρχειν.
803 1037 957 1106 καθόλου
990 1035 1023 1104 δ’
1049 1038 1192 1125 ἔχωχεί

135 1139 212 1210 τόθ’
243 1139 470 1230 ὑπολαμβάνω
504 1145 577 1211 δεῖν
609 1141 668 1223 τάς
700 1143 823 1232 ἑτέρων
857 1143 1031 1236 διασύρειν
1059 1151 1153 1213 πολι-

135 1254 225 1328 τείας
246 1249 302 1316 καί
325 1247 388 1336 τὴν
408 1252 500 1317 ἰδίαν
520 1251 681 1335 ἐπαινεῖν,
701 1247 783 1318 ὅταν
806 1277 857 1330 τις
880 1255 937 1338 ἔχη
962 1251 1067 1332 δεῖξαι
1089 1248 1152 1337 τὴν

136 1354 198 1442 μὲν
222 1353 344 1424 ἑαυτοῦ
366 1353 467 1424 πόλιν
490 1357 526 1423 έκ
554 1357 615 1423 τού
640 1358 745 1423 ταῦτα
769 1356 978 1442 ἐπιτηδεύειν
1001 1355 1023 1424 ἀ
1047 1377 1152 1444 φησιν
1167 1382 1192 1422 ιο

136 1458 323 1549 εύδαίμονα
353 1461 410 1529 καὶ
442 1459 591 1548 μεγάλην
624 1453 747 1547 οὖσαν,
779 1459 839 1542 τάς
867 1461 905 1531 δὲ
933 1463 1152 1550 διαβαλλομέ-

136 1593 198 1646 νας
221 1565 278 1635 διά
299 1565 337 1635 τὸ
361 1566 406 1655 μὴ
430 1571 535 1636 ταῦτα
562 1575 802 1654 προαιρεῖσθαι
832 1569 1152 1654 κακοδαιμονούσας.

135 1671 176 1742 τά
200 1671 231 1740 δ’
256 1669 399 1762 ἡμέτερα
421 1672 598 1760 πράγματα
622 1671 683 1761 ούχ
707 1670 814 1752 οὕτως
841 1677 922 1758 ἔχει,
945 1669 1018 1740 ἀλλ’
1044 1671 1065 1760 ἡ
1089 1674 1152 1760 μὲν

136 1777 278 1867 ὑμετέρα
300 1778 397 1860 πόλις
419 1777 485 1848 ἀπὸ
507 1785 660 1868 μείζονος
687 1776 877 1865 αύχήματος
905 1775 1073 1866 ἀρχομένη
1097 1779 1152 1846 καί

135 1885 304 1955 πλειόνων
326 1883 493 1975 ἀφορμῶν
515 1887 663 1973 τυχοῦσα
689 1889 737 1964 εἰς
760 1883 921 1954 έλάττουα
944 1882 1047 1971 ὄγκον
1071 1904 1150 1953 συν·
1166 1917 1192 1958 ιε

134 1995 246 2078 ἦκται,
275 1989 369 2079 ἡμεῖς
397 1991 435 2060 δὲ
462 1990 582 2080 μικρὰς
613 1989 671 2071 τάς
697 1989 830 2080 πρῶτας
857 1988 960 2080 ἀρχὰς
991 1989 1152 2077 λαβόντες

135 2099 172 2168 έν
196 2096 238 2167 ού
265 2103 376 2191 πολλῶ
405 2097 517 2190 χρόνῳ
546 2102 705 2186 μεγίστην
732 2100 801 2166 τῶν
824 2096 1068 2186 πλησιοχώρων
1091 2096 1151 2166 πό-

135 2211 222 2272 λεων
249 2202 312 2291 τὴν
330 2202 463 2292 Ῥῶμην
491 2203 717 2290 πεποιήκαμεν
744 2203 878 2284 τούτοις
906 2218 977 2284 τοῖς
998 2203 1149 2272 πολιτεύ-

136 2328 239 2397 μασιν
260 2301 310 2378 ῶν
334 2309 376 2378 σύ
398 2309 595 2399 κατηγόρεις
617 2308 794 2397 χρεόμενοι.
843 2307 882 2377 τὸ
911 2309 949 2377 δὲ
971 2308 1148 2390 στασιάζον
1168 2313 1188 2380 8

135 2414 245 2504 ἡμῶν,
272 2417 341 2486 ἐπεὶ
365 2419 421 2486 καί
448 2421 549 2486 τούτο
579 2413 625 2483 δι’
647 2420 755 2496 αἰτίας
782 2412 877 2502 εἰχες,
901 2407 927 2484 ῶ
954 2416 1149 2502 Φουφέττιε,
1164 2445 1191 2486 εο

136 2521 198 2592 ούκ
226 2523 279 2592 έπὶ
308 2527 482 2614 διαφθορᾷ
513 2524 570 2590 καὶ
598 2521 774 2591 ἐλαττῶσει
805 2525 874 2590 τῶν
904 2525 1046 2608 κοινῶν,
1074 2521 1148 2590 ἀλλ’

135 2630 189 2698 έπί
213 2633 361 2721 σωτηρία
378 2631 434 2698 καὶ
453 2627 590 2716 αὐξήσει
613 2633 750 2716 γίνεται.
797 2627 1067 2716 φιλοτιμούμεθα
1086 2627 1150 2717 χάρ

137 2739 171 2804 οἰ
197 2734 356 2824 νεῶτεροι
382 2734 466 2824 πρὸς
492 2733 572 2816 τοὺς
603 2735 851 2822 πρεσβυτέρους
878 2734 933 2802 καὶ
962 2737 997 2803 οἰ
1023 2739 1150 2804 ἔποικοι
1175 2739 1178 2744 ’

135 2841 219 2930 πρὸς
243 2839 321 2922 τοὺς
345 2841 660 2928 ἐπικαλεσαμένους,
687 2839 824 2928 πότεροι
850 2843 990 2907 πλείονα
1012 2838 1150 2925 ποιήσο-

136 2974 197 3036 μεν
226 2945 264 3016 τὸ
292 2943 410 3014 κοινὸν
437 2943 560 3032 ἀγαθῶ.
612 2948 671 3012 ἵνα
701 2944 742 3013 δὲ
769 2943 943 3032 συντεμῶυ
972 2952 1053 3012 εἰπιο
1081 2959 1151 3024 τοῖς

78 3056 322 3141 439μέλλουσιυ
355 3052 477 3139 ἑτέρων
505 3049 619 3138 ἀρξειν
652 3051 715 3119 δύο
747 3064 924 3140 προσεῖναι
957 3053 1011 3117 δεῖ
1036 3053 1150 3138 ταῦτα,

1169 2921 1189 2985 9

1164 3007 1190 3048 25

209 3289 223 3338 1
246 3239 320 3352 ὑπὲρ
343 3281 397 3337 del.
422 3279 511 3336 Cobet
533 3280 636 3337 Mnem.
658 3281 698 3336 IX
720 3299 748 3352 p.
772 3285 824 3335 819
902 3286 918 3334 3
941 3281 1149 3348 κατηχορεῖςΟ

136 3371 206 3410 corr.
224 3353 364 3409 Biicheler
441 3346 551 3408 ῖούθὲ
570 3347 709 3408 αύτῶνΟ
734 3350 888 3422 ρτοοῖοτΒ
966 3346 1084 3406 Βτοῦτ’
1104 3351 1151 3406 Βε

137 3431 171 3481 15
190 3420 276 3496 ύχκον
294 3423 397 3479 Βοὶεἰῐθ
416 3419 496 3478 οἶκον
518 3423 540 3478 Ο
614 3429 647 3478 17
667 3419 699 3478 έν
718 3439 773 3478 om.
791 3423 817 3476 A
836 3433 837 3436 ’
866 3463 868 3468 .
890 3426 923 3476 19
942 3427 1107 3491 κατηγορεῖς
1126 3421 1149 3476 0

137 3495 362 3553 corr.B1'ieheler
433 3501 467 3550 23
487 3489 686 3567 <ἀπ>οικοιΒ
759 3499 794 3548 24
813 3490 1080 3563 ,καλεσαμὲνονςΒ

936 3580 990 3636 19·
