2682 3982
553 223 719 274 ..p-

126 380 333 468 λουσάμενος
354 377 422 468 ἅμα
444 393 515 460 τοϊς
543 378 707 467 ἀρίστοις,
735 377 849 467 ἐπειδὴ
877 391 947 460 τοίς
974 381 1143 458 πλείστοις

128 490 222 570 ἔδοξε
250 489 408 574 δέχεσθαι
435 485 493 568 τὰς
520 490 582 555 τοῦ
608 491 820 574 Φουφεττίου
848 484 1062 574 προκλήσεις,
1084 509 1141 571 με·

126 597 328 684 ταπέμπεται
354 592 434 675 τούς
459 593 643 682 τριδύμους
670 591 839 680 ἀδελφούς
867 593 923 662 καὶ
946 593 1035 678 λέγει
1057 589 1142 678 πρὸς

128 700 263 782 αύτούς·
298 699 443 789 ’Ἄνδρες
471 697 634 789 Ὁράτιοι,
675 701 882 786 Φουφέττιος
921 697 940 768 ὁ
980 694 1180 784 Ἀλβανδς2

128 813 176 890 είς
199 808 322 894 λόγους
348 806 527 878 συνελθὼν
556 807 630 894 ἐμοὶ
657 803 719 893 τήν
745 809 939 876 τελευταίαν
966 805 1021 874 ἐπὶ
1044 821 1169 892 στρα-,ε

68 917 277 986 449τοπέδον
301 914 452 984 σύνοδον
480 918 544 1001 ἔφη
572 910 651 992 τούς
678 909 1030 999 προκινδυνεύσοντας
1057 906 1149 996 ὑπὲρ,

128 1022 284 1108 ἑκατέρας
309 1020 439 1100 πόλεως
464 1033 553 1108 τρεῖς
585 1017 713 1107 ἄνδρας
743 1015 896 1104 ἀγαθούς
926 1014 1009 1085 κατὰ
1040 1019 1143 1083 θείαν

55 1161 58 1170 ’
127 1131 333 1215 γεγενῆσθαι
359 1126 542 1215 πρόνοιαν,
576 1116 625 1194 ὦν
658 1121 719 1194 ούκ
746 1120 790 1192 διν
822 1121 980 1213 εὕροιμεν
1009 1121 1143 1208 ἑτέρους

130 1233 207 1304 ούτε
237 1235 494 1323 γενναιοτέρους
531 1231 608 1302 ούτε
642 1233 946 1319 ἐπιτηδειοτέρους,
970 1226 1143 1315 ’Λλβανύν

129 1341 191 1429 μὲν
221 1345 427 1428 Κορατίους,
445 1337 618 1428 Ῥωμαίων
647 1339 685 1408 δὲ
711 1336 810 1426 ὑμᾶς·
851 1336 952 1406 τοῦτό
978 1362 1014 1405 τε
1042 1361 1141 1404 κατα·
1156 1359 1182 1400 10

129 1445 250 1534 μαθὼν
266 1445 380 1528 αὐτὸς
407 1448 599 1534 ἐξητακέναι
626 1449 760 1535 πρῶτον
788 1450 820 1514 εί
846 1445 1067 1531 βουλομένοις
1090 1450 1141 1528 είη

128 1569 200 1634 τοις
230 1550 383 1636 ύνεψιοίς
413 1551 510 1641 ὑμῶν
541 1555 720 1622 ἐπιδοῦναι
755 1549 795 1620 τδι
833 1550 969 1638 σύματα
1004 1554 1045 1640 τή
1081 1575 1145 1618 πα-

128 1664 234 1750 τρίδι,
266 1659 388 1748 μαθὼν
426 1659 464 1727 δέ
500 1655 623 1740 αύτούς
658 1655 929 1745 ἀναδεχομένους
964 1655 1025 1726 τὸν
1058 1653 1143 1742 ὑπὲρ

129 1764 289 1834 ἁπάντων
311 1763 427 1852 ἀγῶνα
449 1764 532 1834 κατὰ
558 1763 688 1852 πολλὴν
710 1768 908 1853 προθυμίαν
930 1766 1072 1850 θαρρῶν
1096 1766 1144 1840 είς

129 1877 234 1961 μέσον
266 1874 420 1960 ἐκφέρειν
452 1870 518 1959 ήδη
554 1870 615 1941 τὸν
647 1871 766 1958 λόγον,
803 1869 901 1958 ἠξίου
931 1895 967 1938 τε
998 1868 1055 1936 καὶ
1086 1866 1185 1955 έμδιι

129 1965 249 2068 πεῖραν
277 1977 374 2067 ὑμῶν
400 1983 533 2065 λαβεῖν,
560 1977 704 2067 πότερον
728 1975 940 2064 βουλήσεσθε
962 1977 1144 2060 προκινδυ-

129 2091 248 2155 νεῦσαι
274 2089 334 2172 τής
359 2088 520 2175 πατρίδος
548 2082 651 2172 ὁμόσε
678 2083 890 2172 χωρήσαντες
914 2085 1095 2168 Κορατίοις
1122 2075 1143 2167 ή

129 2206 355 2280 παραχωρεῖτε
381 2195 440 2278 τής
466 2195 659 2278 φιλοτιμίας
684 2189 806 2276 ταύτης
834 2189 968 2277 ἑτέροις.
1017 2185 1081 2273 ἐγοδ
1107 2185 1184 2254 δδ3

130 2297 250 2385 ύρετής
276 2297 338 2384 μὲν
367 2298 464 2366 ἕνεκα
492 2297 548 2364 καί
580 2300 639 2383 τής
665 2293 747 2365 κατὰ
775 2304 869 2384 γείρα
895 2291 1145 2382 γενναιότητος,

131 2400 174 2490 ἣν
205 2401 246 2474 ού
272 2403 518 2472 λανθάνουσαν
546 2407 648 2489 ἔχετε,
676 2401 813 2472 πάντων
841 2401 983 2489 μάλιστα
1013 2400 1145 2487 δεξομέ-
1159 2424 1186 2466 ιο

130 2537 213 2591 νους
243 2507 330 2597 ὑμᾶς
361 2509 422 2578 τὸν
455 2507 539 2597 ὑπὲρ
566 2512 635 2577 τῶν
663 2505 841 2596 ἀριστείαν
870 2511 1036 2576 κίνδυνον
1064 2505 1145 2595 δίρα-

130 2626 214 2685 σθαι
227 2615 315 2701 ***,
339 2613 499 2696 δεδοικὼς
526 2613 571 2702 μή
598 2612 636 2684 τὸ
660 2612 744 2704 πρὸς
769 2611 849 2695 τούς
867 2611 1053 2702 Ἀλβανοὺς
1076 2641 1146 2702 τρι-

132 2721 261 2809 δύμους
297 2721 457 2868 συγγενές
492 2721 655 2808 έμπόδιον
691 2718 773 2808 ύμῖν
805 2722 942 2808 γένηται
977 2723 1036 2808 τής
1064 2743 1146 2810 προ·

203 2940 219 2989 θ
239 2930 385 2990 συνελθὼν
403 2936 426 2990 Β
445 2930 539 2990 ε’λθύν
553 2935 579 2989 R
651 2939 666 2990 6
686 2929 1021 3060 προκινδυνεύσήο>ντας
1037 2932 1060 2986 Β
1078 2949 1100 2985 π
1118 2949 1147 2986 ο·

131 2997 373 3068 κινδυνεύσαντας
395 3005 421 3059 Α
500 3011 532 3060 11
558 3007 603 3090 εἴη
626 3001 649 3058 Β
673 3001 775 3059 ἕστιΒ
847 3011 880 3059 15
916 3001 1147 3072 κφέρεινΒκ·

131 3075 214 3148 φέρει
231 3078 257 3131 R
272 3078 277 3148 Ι
293 3097 351 3149 καμ
352 3075 383 3133 ελ
444 3084 477 3134 16
496 3072 670 3153 βουλήσεσθε
689 3075 712 3129 Β
736 3072 909 3149 βουλεύεσθε
927 3077 953 3130 Α
1010 3078 1045 3128 20
1064 3073 1148 3140 δεξα-

131 3199 235 3326 μένους
253 3202 276 3256 Β
295 3195 405 3272 μάλιστ’
425 3221 464 3256 αν
482 3197 551 3268 δεξύ
517 3202 679 3272 ξ.αμενοςο
698 3199 840 3270 Kiessling
912 3205 946 3254 21
970 3139 1077 3260 αύτδύς
1095 3197 1144 3268 ΒΙ

161 3289 261 3328 cunam
280 3275 346 3327 ante
365 3269 501 3336 δεδοικὼς
520 3272 690 3344 significavit
708 3271 898 3342 Kiesslingffi
899 3267 999 3325 άλιστα
1022 3261 1147 3351 <ήδειν>

131 3373 165 3384 -
180 3339 317 3406 δεδοικώς
335 3341 389 3414 (δὲ
391 3344 434 3417 >ο.
446 3344 535 3400 Cobet
549 3343 614 3400 Obs
628 3361 657 3414 p.
672 3350 714 3399 63.
733 3343 795 3428 Ego
813 3343 886 3423 posi
878 3291 1015 3398 “lacunae
1034 3339 1147 3410 signum

131 3413 258 3482 disiinxi,
283 3431 347 3469 oum
370 3415 552 3501 participium
577 3432 602 3470 ε.
620 3431 647 3501 ρ
672 3409 803 3484 έγνωκιὸς
828 3411 964 3470 excidisse
982 3427 1146 3484 persuasum

130 3484 253 3540 habeam
325 3491 359 3542 22
379 3483 437 3557 (μὴ
457 3487 726 3558 το>Β1τουςοοε
746 3485 768 3540 B
