2660 3986
186 239 252 305 τω
610 239 775 291 -r-

187 399 226 466 δὲ
249 403 357 478 αἰτίας
377 396 506 488 [όλίγφ]
525 395 669 485 ὕστερον
692 399 784 488 ε’ρώ),
808 396 984 484 δεξάμενοι
1006 396 1045 464 τό
1069 395 1209 482 συμβὰν

186 503 366 592 ἀγαπητῶς
392 501 504 590 ὅρκων
534 504 597 592 μὲν
624 506 764 572 ἐκείνων
794 506 851 572 καί
873 508 1059 590 συνθηκῶν
1089 501 1263 588 ώσπεροιο

188 610 271 680 οὐδὲ
292 615 528 699 γεγενημένων
551 609 777 697 ἐπελάθοντο,
799 609 921 697 καιρὸν
945 611 983 679 δὲ
1005 616 1210 696 νομίσαντες

188 717 380 804 ἐπιτήδειον
398 725 487 807 ἔχειν
503 710 554 787 ὧν
573 721 723 800 ἐξέτισαν
736 717 912 805 Ῥωμαίοις
929 715 1109 806 χρημάτων
1125 725 1210 785 πολ·

161 824 358 893 ῡλαπλάσια
379 823 457 915 παρ’
484 822 597 893 αὐτῶν
619 823 818 910 ἀπολαβεῖν,
841 823 952 910 ὀλίγοι
974 823 1037 910 μὲν
1058 821 1098 892 τὸ
1116 826 1211 909 πρώ-

148 925 171 991 2
189 929 251 1000 τόν
267 931 324 999 καί
342 928 484 1018 ἀφανῶς
501 931 646 1012 ἐξιόντες
663 933 833 1018 ἐληιζοντυ
846 929 909 1017 τὴν
928 927 1070 1016 ὅμορον·
1094 934 1212 997 ἔπειτα

191 1037 230 1105 δὲ
260 1038 380 1105 πολλοὶ
410 1037 587 1117 συνιόντες
617 1038 674 1104 καί
704 1039 739 1105 έκ
767 1041 830 1106 τοῦ
861 1039 1029 1123 φανεροῦ,
1062 1037 1132 1104 έπελ
1166 1034 1210 1104 τὰ
1306 1085 1307 1088 ,

188 1148 305 1232 πρώτα
330 1142 414 1213 κατὰ
446 1142 586 1230 γνώμην
618 1141 733 1224 αὐτοῖς
765 1143 934 1231 ἐχώρησεν
964 1141 1124 1229 οὐδεμιᾶς
1153 1144 1211 1210 ἐπὶ
1306 1153 1307 1156 ’

189 1251 252 1338 τὴν
288 1248 445 1337 φυλακὴν
485 1253 554 1319 τών
595 1253 754 1338 γεωργῶν
791 1249 998 1338 ἀφικομένης
1032 1255 1211 1336 βοηθείας,

150 1375 176 1414 ¹⁰
190 1356 508 1444 καταφρονήσαντες
528 1361 598 1425 τών
619 1362 790 1443 πολεμίων
813 1355 864 1426 ἐπ’
881 1355 986 1442 αὐτὴν
1006 1359 1210 1424 διενοοῦντο

190 1462 253 1551 τὴν
271 1461 403 1550 Ῥώμην
426 1463 583 1533 ἐλαύνειν
608 1464 666 1532 καὶ
688 1467 841 1552 συνῆγον
869 1465 902 1545 ἐξ
925 1461 1056 1549 ἀπάσης
1078 1462 1212 1542 πόλεως

192 1571 347 1657 στρατόν,
371 1572 564 1656 διελέγοντο
587 1569 626 1636 δὲ
647 1571 704 1637 καί
726 1585 799 1649 ταῖς
817 1575 975 1638 Λατίνων
993 1568 1112 1636 πόλεσι
1130 1569 1211 1656 περὶ

150 1684 172 1750 3
192 1683 387 1766 συμμαχίας.
428 1675 470 1746 ού
488 1676 556 1765 μὴν
574 1677 745 1764 ,ἐξεγένετό
764 1703 802 1763 γε
820 1677 936 1756 αὐτοῖς
958 1682 1076 1763 φιλίαν
1096 1677 1211 1744 τεκαὶ

191 1781 373 1872 ὁμαιχμίαν
404 1783 613 1871 ποιήσασθαι
649 1781 733 1870 πρὸς
764 1781 802 1851 τὸ
835 1788 951 1863 έθνοςι
988 1780 1110 1868 μαθών
1143 1780 1211 1871 γὰρ

151 1905 178 1946 1⁵
190 1889 253 1977 τὴν
277 1889 434 1958 διάνοιαν
457 1889 570 1959 αύτών
594 1887 612 1957 ό
635 1889 763 1969 Τύλλος
785 1885 911 1976 ἀνοχὰς
931 1887 1016 1978 πρὸς
1038 1893 1213 1968 Λατίνους

190 1995 419 2083 ποιησάμενος
446 1999 499 2066 ἐπὶ
526 1997 667 2076 τούτους
695 2002 782 2083 ἐγνω
810 1994 954 2083 στρατὸν
984 1995 1114 2082 ἐξάγειν
1144 1995 1212 2082 τήν

190 2128 226 2170 τε
248 2100 422 2190 Ῥωμαίων
448 2102 583 2172 ἅπασαν
611 2103 759 2190 δύναμιν
788 2109 997 2182 καθοπλίσας
1024 2106 1211 2170 διπλασίαν

192 2199 300 2276 οὖσαν
323 2207 389 2296 ἤδη
412 2213 471 2296 τῆς
492 2209 672 2297 πρότερον,
696 2211 730 2290 ἐξ
758 2199 801 2277 ού
826 2207 889 2296 τὴν
909 2207 1081 2295 Ἀλβανών
1104 2209 1211 2278 πόλιν

191 2317 393 2402 προσέλαβε,
419 2317 475 2383 καὶ
498 2313 563 2384 ἀπὸ
590 2320 661 2384 τῶν
688 2313 801 2384 ἀλλων
831 2315 1015 2403 συμμάχων
1039 2319 1212 2404 ἐπικουρι-

150 2472 179 2512 ,0
191 2419 253 2489 κόν
289 2420 373 2490 ὅσον
407 2431 564 2491 πλεῖστον
597 2421 739 2490 ἐδύνατο
771 2421 1075 2510 μεταπεμψάμενος.
1126 2443 1212 2491 συν-

191 2531 272 2613 ῆκτο
306 2527 344 2594 δὲ
375 2529 432 2596 καὶ
463 2543 534 2609 τοῖς
560 2533 725 2614 Σαβίνοις
756 2527 822 2614 ἤδη
854 2527 892 2597 τὸ
916 2527 1119 2616 στράτευμα,
1147 2531 1265 2597 καλου

192 2631 305 2719 ἐπειδὴ
338 2638 483 2719 πλησίον
515 2630 670 2720 ἀλλήλων
702 2635 859 2720 έγένοντο
891 2635 967 2723 περὶ
995 2633 1058 2722 τὴν
1085 2643 1236 2703 καλου-’

192 2740 299 2826 μένην
336 2737 423 2826 ὕλην
458 2743 649 2828 κακοῦργον
688 2739 807 2827 όλίγου
847 2741 886 2810 τὸ
923 2740 1044 2828 μεταξύ
1080 2747 1211 2830 χωρίον
1306 2801 1307 2832 3

193 2843 334 2933 ἀφέντες
369 2847 786 2934 κατεστρατοπεδεύσαντο.
844 2851 885 2936 τῇ
922 2845 954 2914 δ’
990 2849 1064 2933 ἑξῆς
1099 2845 1212 2939 ἡμέρᾳ
1306 2867 1307 2880 ’

151 2975 179 3016 τε
194 2951 421 3040 συμπεσόντες
444 2953 607 3041 ἐμάχοντο
630 2955 686 3023 καὶ
708 2947 796 3042 ἦσαν
816 2953 992 3042 ἰσόρροποι
1010 2955 1106 3042 μέχρι
1128 2963 1210 3034 πολ·

192 3065 268 3128 λού·
291 3060 357 3148 ἤδη
381 3059 420 3128 δὲ
441 3061 517 3149 περὶ
541 3063 657 3146 δείλην
681 3058 784 3142 ὀψίαν
808 3062 1022 3146 ἐγκλίνουσιν
1046 3063 1082 3127 οί
1102 3067 1211 3148 Σαβῖ-

263 3289 517 3362 4ἕχεινΒοιωΒ
554 3282 594 3346 ώυ
612 3288 763 3362 χρημάτων
783 3285 805 3346 ἐ.
820 3288 844 3360 β.
861 3290 883 3347 0
898 3290 1045 3362 praeterB
1106 3295 1211 3361 5χρη-
1306 3291 1307 3304 ³

192 3358 289 3433 μάτων
307 3359 378 3431 παρ’
398 3366 423 3418 Α
487 3358 655 3434 θλῄζοντο
674 3362 772 3418 malim
836 3358 1014 3432 8ἐχώρηοεν
1033 3357 1210 3450 ούδεμιᾶςΒ

191 3429 293 3502 ἐχώρει
313 3435 454 3505 μηδεμιᾶς
472 3436 497 3489 R
553 3438 586 3488 15
605 3429 676 3504 μετὰ
695 3431 761 3496 τοὺς
778 3435 950 3496 λατίνουςΑ
1006 3439 1039 3486 16
1057 3452 1171 3496 τουτοις
1184 3434 1211 3487 A

194 3509 227 3557 19
246 3501 314 3559 ὅσον
333 3501 517 3574 ἐπικουρικόν
535 3506 560 3558 Α
632 3511 667 3560 22
687 3500 819 3574 ἐγένοντο
838 3506 861 3559 Β
882 3500 1010 3573 ἐγίνοντο
1028 3505 1054 3558 R
