2682 3982
616 222 784 274 ..13-x

190 380 360 470 παραλλὰξ
391 383 447 450 καὶ
478 386 638 469 πατρίους
669 379 764 460 τινὰς
799 379 929 468 ὕμνους
960 380 1105 472 ᾅδουσιν
1137 379 1205 468 άμα

190 504 263 568 ταῖς
289 495 444 577 χορείαις.
489 494 624 577 χορείαν
649 487 691 556 ’δὲ
717 488 775 556 καί
800 494 937 574 κίνησιν
965 489 1122 558 ἐνόπλιον
1149 489 1205 555 καί

191 594 251 665 τὸν
279 599 316 666 ἐν
343 610 416 676 ταῖς
447 593 585 664 ἀσπίσιν
618 591 889 682 ἀποτελούμενον
915 592 981 663 ὑπὸ
1008 599 1078 664 τῶν
1105 596 1206 682 ἐγχει-

192 705 312 788 ριδίων
330 705 461 791 ψόφον,
485 712 519 772 εῖ
537 729 569 770 τι
593 706 647 770 δεῖ
670 715 741 782 τοῖς
767 699 919 790 ἄρχαίοις
940 707 1206 790 τεκμηριοῦσθαι

150 835 164 873 τ
191 808 319 897 λόγοις,
352 815 525 899 Κουρῆτες
555 801 643 896 ἦσαν
680 812 716 876 οί
748 813 875 897 πρῶτοι
911 808 1206 896 καταστησάμενοι.

190 913 252 984 τὸν
275 916 313 985 δὲ
334 917 411 1005 περὶ
434 915 546 984 αὐτόν
565 919 680 1003 μῦθον
699 913 801 984 οὐδὲν
827 917 946 1002 δέομαι
968 913 1052 1002 πρὸς
1075 915 1207 995 είδότας

192 1021 311 1110 ὀλίγον
335 1028 408 1092 δεῖν
429 1023 557 1104 πάντας
579 1023 733 1110 γράφειν.
1327 1015 1328 1020 “

280 1132 394 1198 LXXI.
428 1127 485 1198 Ἐν
509 1130 547 1199 δὲ
568 1145 640 1210 ταῖς
662 1132 810 1215 πέλταις,
833 1124 873 1209 δὶς
896 1132 933 1198 οί
951 1155 986 1197 τε
1010 1127 1122 1197 σάλιοι
1146 1154 1205 1215 φο-

192 1246 291 1323 ροῦσι
317 1237 373 1304 καὶ
400 1233 441 1317 ἃς
468 1233 630 1323 ὑπηρέται
661 1235 751 1316 τινὲς
782 1233 894 1305 αὐτῶν
921 1233 1109 1324 ἠρτημένας
1140 1233 1206 1304 άπδ
1328 1255 1329 1262 ’

152 1358 179 1401 1⁰
191 1342 348 1412 κανόνων
370 1348 559 1430 κομίζουσι,
581 1351 720 1423 πολλαῖς
746 1343 837 1411 πάνυ
866 1339 983 1422 οὔσαις
1010 1348 1090 1430 μίαν
1118 1339 1207 1410 εἶναι
1303 1426 1308 1437 Ι

191 1451 328 1535 λέγουσι
355 1454 510 1538 διοπετῆ,
538 1447 722 1538 εὑρεθῆναι
750 1446 782 1518 δ’
808 1447 915 1536 αὐτήν
943 1468 1049 1536 φασιν
1077 1451 1115 1517 έν
1136 1461 1208 1528 τοῖς

192 1561 373 1641 βασιλείοις
404 1571 475 1637 τοῖς
505 1554 622 1644 Νόμα,
659 1555 804 1644 μηδενὸς
835 1553 1030 1645 ἀνθρώπων
1063 1557 1208 1641 εἰσενέγ-

192 1689 313 1744 καντος
344 1661 422 1752 μηδ’
454 1666 670 1752 ἐγνωσμένου
701 1662 866 1752 πρότερον
902 1665 940 1732 έν
970 1660 1108 1742 Ἰταλοῖς
1139 1687 1208 1730 τοι·

194 1768 297 1838 ούτου
329 1769 511 1858 σχήματος,
548 1772 581 1852 ἐξ
610 1761 659 1839 ὧν
690 1767 891 1859 ἀμφοτέρων
918 1767 1101 1855 ὑπολαβεῖν
1130 1766 1209 1836 Ῥω·

153 1859 313 1987 Ξμαίους
338 1876 553 1965 θεόπεμπτον
580 1875 667 1945 εἶναι
697 1877 735 1945 τδ
765 1875 879 1945 ὅπλον.
926 1878 1141 1964 βουληθέντα
1169 1873 1208 1942 δὲ

193 1983 252 2052 τὸν
279 1983 404 2072 Νόμαν
436 1990 604 2072 τιμᾶσθαί
631 2010 666 2052 τε
702 1981 785 2052 αὐτὸ
817 1982 1007 2073 φερόμενον
1039 1979 1105 2052 ὑπὸ
1137 1985 1208 2051 τόν

191 2096 377 2178 κρατίστων
396 2092 486 2160 νέων
504 2094 541 2159 ἐν
565 2094 670 2177 ίεραῖς
688 2089 826 2180 ἡμέραις
848 2088 914 2158 άνά
938 2089 1002 2178 τὴν
1025 2089 1124 2157 πόλιν
1146 2089 1267 2156 καὶ388

191 2201 326 2266 θυσιῶν
359 2199 517 2266 ἐπετείων
552 2195 749 2285 τυγχάνειν,
787 2195 963 2266 δεδοικότα
1000 2196 1037 2265 δὲ
1075 2198 1207 2284 ἐπιβου-

192 2303 253 2385 λάς
279 2331 315 2374 τε
342 2302 402 2384 τάς
429 2301 487 2373 ἀπ’
518 2305 652 2392 ἐχθρῶν
683 2305 740 2372 καὶ
771 2302 966 2391 ἀφανισμὸν
999 2301 1103 2372 αὐτοῦ
1131 2311 1207 2371 κλο-

153 2424 309 2497 εοπαῖον,
333 2409 420 2480 ὅπλα
442 2412 578 2497 λέγουσι
600 2409 707 2480 πολλὰ
728 2410 1044 2479 κατασκευάσασθαι
1065 2413 1112 2503 τῷ
1137 2414 1207 2476 διο-

192 2531 285 2586 πετεῖ
313 2517 542 2605 παραπλήσια,
579 2523 765 2604 Μαμορίου
800 2517 893 2598 τινὸς
926 2519 1136 2604 δημιουργοῦ
1167 2515 1206 2584 τὸ

194 2628 295 2711 ἔργον
318 2622 580 2710 ἀναδεξαμένου,
604 2622 688 2692 ὥστε
710 2622 841 2711 άσημον
864 2623 1103 2711 γενέσθαικαὶ
1127 2626 1206 2690 δυσ-

194 2729 405 2816 διάγναστον
446 2743 517 2810 τοῖς
556 2732 738 2817 μέλλουσιν
780 2730 1011 2818 ἐπιβουλεύειν
1047 2728 1110 2817 τὴν
1146 2733 1207 2798 τοῦ

193 2838 406 2923 θεοπέμπτου
437 2836 544 2923 φύσιν
577 2833 634 2904 διά
664 2834 728 2926 τὴν
760 2836 1016 2926 ἀπαράλλακτον
1048 2841 1115 2904 τῶν
1148 2832 1207 2904 άν-

153 2922 375 3052 ἷξθρωπείαν
403 2947 512 3031 ἔργον
539 2940 727 3030 ὁμοιότητα.
773 2943 953 3031 ἐπιχώριον
976 2943 1014 3011 δὲ
1031 2939 1208 3030 Ῥωμαίοις

192 3050 248 3118 καί
275 3049 367 3118 πάνυ
393 3053 505 3136 τίμιον
535 3049 553 3119 ὁ
583 3050 822 3138 κουρητισμός,
849 3048 894 3130 ὡς
921 3053 956 3120 ἐκ
983 3054 1117 3119 πολλῶν
1145 3049 1206 3137 μὲν

192 3157 248 3224 καὶ
271 3155 384 3224 άλλων
407 3155 472 3244 ἐγὼ
497 3157 741 3244 συμβάλλομαι,
764 3156 906 3245 μάλιστα
931 3154 962 3224 δ’
985 3158 1021 3225 έκ
1042 3160 1112 3225 τῶν
1130 3156 1207 3245 περὶ

192 3263 252 3343 τὰς
283 3263 417 3352 πομπὰς
447 3262 507 3343 τάς
538 3290 573 3332 τε
605 3265 642 3331 έν
666 3263 862 3358 ἱπποδρόμῳ
894 3264 950 3332 καὶ
981 3261 1041 3345 τὰς
1071 3266 1109 3331 έν
1138 3277 1208 3343 τοῖς

265 3429 280 3477 ὅ
300 3419 477 3492 κονρῆτεςΟ
548 3429 583 3478 21
603 3424 722 3494 δημιουρ
741 3424 775 3478 οὗ
795 3419 826 3479 τὸ
847 3422 967 3494 ἔργονΒ
985 3419 1016 3478 τδ
1038 3420 1122 3494 ἔργον
1141 3425 1166 3478 δ.
1181 3424 1207 3478 R

194 3495 376 3565 δημιουργεῖν
395 3511 418 3549 ο.
438 3495 560 3550 Sinteuis
578 3495 638 3550 Em.
658 3443 739 3550 Dioffv.
758 3495 798 3549 III
816 3515 843 3566 p.
862 3502 881 3551 4
