2682 3982
558 243 720 296 -B-

132 400 278 488 λόμενον
302 400 407 471 αὐτὸν
430 405 660 484 ἐπιδείξασθαι
687 417 758 484 τοῖς
785 401 984 473 ἀπιστοῦσιν
1009 405 1147 492 ἐναργές

131 533 165 576 τι
191 507 330 596 μήνυμα
356 513 415 596 τῆς
442 507 526 596 πρὸς
556 507 618 595 τῆν
651 513 795 597 δαίμονα
827 507 958 598 ὁμιλίας
987 511 1067 601 [καὶ]
1098 505 1147 578 δι-
1181 527 1186 534 “

133 617 304 702 δαχθέντα
335 613 392 684 ὑπ’
428 613 531 702 αὐτῆς
562 619 700 702 ποιῆσαι
731 616 825 685 τάδε·
857 617 1043 686 καλέσαντα
1069 615 1188 688 Ῥω-6

132 729 242 810 μαίων
265 721 411 802 πολλοὺς
429 723 484 790 καὶ
503 719 656 809 ἀγαθούς
674 727 721 802 είς
741 720 803 810 τῆν
824 728 946 810 οίκίαν,
965 726 1002 792 ἐν
1021 715 1042 813 ῆ
1063 726 1147 791 διαι-

132 827 281 916 τώμενος
304 823 500 917 έτύγχανενζ
528 833 638 897 ἔπειτα
666 830 821 911 δείξαντα
847 845 918 910 τοῖς
941 831 1082 899 ἐλθοῦσι
1104 827 1170 898 τὰε

134 939 236 1003 ἔνδον
263 939 303 1025 τῆ
333 962 369 1004 τε
398 933 483 1025 άλλη
512 939 698 1025 κατασκευῇ
729 936 866 1023 φαύλως
897 939 1147 1025 κεχορηγημένα

132 1042 188 1110 καὶ
209 1040 251 1130 δῆ
269 1043 408 1111 καὶτῶν
427 1047 475 1122 είς
493 1043 641 1112 ἑστίασιν
657 1041 794 1132 ὀχλικὴν
808 1046 1007 1131 ἐπιτηδείων
1027 1043 1148 1130 ἀπορα,

132 1151 208 1218 τότε
240 1147 302 1236 μέν
338 1146 608 1218 ἀπαλλάττεσθαι
643 1149 809 1236 κελεύειν,
846 1156 894 1231 είς
931 1151 1073 1240 ἑσπέραν
1111 1150 1149 1218 δὲ

77 1263 253 1324 365καλεῖν
285 1253 408 1336 αύτούς
440 1257 493 1324 ἐπὶ
524 1254 563 1325 τδ
602 1259 756 1326 δεῖπνον·
792 1259 1079 1346 παραγενομένοις
1112 1255 1187 1325 δέλ

132 1359 216 1430 κατά
246 1359 309 1450 τῆν
346 1360 609 1450 ἀποδειχθεῖσαν
647 1361 739 1452 ὤραν
776 1365 935 1446 ἐπιδεῖξαι
972 1363 1149 1451 στρωμνάς
1164 1385 1189 1423 1⁰

131 1496 167 1538 τε
189 1476 380 1548 πολυτελεῖς
402 1469 459 1537 καὶ
477 1469 638 1558 τραπέζας
661 1468 864 1557 ἐκπωμάτων
883 1469 1050 1556 γεμούσας
1068 1477 1147 1538 πολ-

133 1580 203 1643 λῶν
226 1576 282 1644 καὶ
308 1579 420 1643 καλῶν
445 1576 594 1644 ἑστίασίν
622 1599 657 1642 τε
681 1572 796 1654 αὐτοῖς
822 1583 1027 1662 παραθεῖναι
1050 1602 1148 1644 κατα-

132 1683 302 1750 κλιθεῖσιν
339 1679 470 1768 ἀπάσης
506 1683 651 1768 έδωδῆς,
683 1677 727 1767 ῆν
760 1676 833 1748 οὐδ’
868 1677 912 1748 ἀν
949 1684 985 1750 ἐκ
1021 1687 1149 1750 πολλοῦ

132 1788 225 1858 πάνυ
248 1789 375 1878 χρόνον
397 1787 725 1875 παρασκευάσασθαί
743 1813 811 1856 τινι
829 1791 898 1856 τῶν
920 1786 996 1856 τότε
1014 1785 1150 1875 ἀνθρά-

133 1919 208 1963 πων
227 1895 347 1987 ῥᾴδιον
366 1887 419 1983 ῆν.
460 1909 531 1975 τοῖς
550 1893 587 1962 δὲ
600 1891 776 1981 Ῥωμαίοις
793 1892 995 1981 κατάπληξίν
1014 1921 1048 1964 τε
1066 1895 1150 1984 πρὸς
1165 1914 1189 1954 1⁵

134 2002 273 2069 ἕκαστον
300 2005 369 2070 τῶν
399 1999 583 2090 δρωμένων
611 1997 774 2070 ὑπελθεῖν
801 2001 857 2068 καὶ
886 1999 988 2083 δόξαν
1012 2002 1045 2082 ἐξ
1068 2003 1149 2069 ἐκεί-

133 2135 199 2176 νου
216 2112 278 2176 τοῦ
296 2107 424 2197 χρόνου
442 2112 653 2195 παραστῆναι
671 2110 821 2195 βέβαιον,
836 2104 888 2176 ὅτι
905 2107 971 2175 θεά
989 2134 1039 2188 τις
1057 2105 1150 2199 αύτῷ

135 2221 253 2302 συνῆν.

223 2325 305 2391 LXI.
340 2327 385 2391 Οί
410 2323 448 2391 δὲ
470 2320 511 2390 τά
534 2323 679 2411 μυθώδη
701 2320 811 2391 πάντα
837 2323 1088 2409 περιαιροῦντες
1115 2323 1151 2388 έκ

133 2433 192 2516 τῆς
225 2433 372 2518 ἱστορίας
403 2429 598 2499 πεπλάσθαι
629 2429 735 2516 φασὶν
767 2426 832 2497 ὑπὸ
864 2432 926 2496 τοῦ
955 2426 1056 2514 Νόμα
1088 2426 1150 2496 τὸν
1164 2446 1190 2485 2⁰
1240 2487 1248 2499 .

13 2567 17 2574 ·
134 2537 210 2624 περὶ
232 2540 291 2624 τῆς
310 2535 464 2626 Ἠγερίας
486 2536 608 2624 λόγον,
635 2539 693 2604 ἵνα
716 2538 801 2628 ρῆιον
825 2533 914 2628 αύτῷ
938 2537 1149 2624 προσέχωσιν

135 2647 171 2712 ολ
191 2641 232 2710 τὰ
250 2652 328 2712 θεῖα
352 2643 500 2725 δεδιότες
523 2644 579 2712 καὶ
596 2642 782 2732 προθύμως
805 2644 969 2730 δέχωνται
990 2640 1070 2722 τοὺς
1089 2640 1147 2711 ὑπ’

134 2747 240 2818 αύτού
267 2751 469 2835 τνδεμένους
495 2748 639 2837 νόμους,
667 2745 712 2828 ὡς
739 2746 829 2838 παρὰ
856 2751 950 2817 θεῶν
977 2751 1147 2835 κομιζομέ-

134 2882 226 2936 νους.
271 2861 387 2943 λαβεῖν
412 2855 450 2924 δὲ
473 2854 576 2925 αὐτὸν
603 2855 666 2943 τῆν
689 2855 819 2924 τούτων
842 2862 982 2943 μίμησιν
1005 2853 1190 2942 ἀκουαί-2

133 2981 256 3030 νουσιν
290 2965 325 3031 έκ
356 2966 425 3031 τῶν
449 2959 657 3049 Ἑλληνικῶν
689 2963 969 3052 παραδειγμάτων
1002 2961 1151 3048 ζηλωτὴν
1165 2985 1191 3026 νε

133 3068 321 3156 γενόμενον
344 3073 402 3156 τῆς
425 3095 461 3136 τε
479 3075 582 3138 Μίνω
604 3073 666 3138 τού
684 3067 819 3158 Κρητὸς
840 3069 896 3136 καὶ
918 3073 977 3155 τῆς
996 3066 1149 3155 Λυκούρ-

133 3202 200 3263 γου
226 3178 288 3246 τοῦ
311 3179 586 3263 Λακεδαιμονίου
613 3185 748 3264 σοφίας·
781 3165 829 3242 ὧν
858 3171 876 3242 ὁ
901 3174 963 3262 μέν
991 3171 1150 3263 ὁμιλητὴς

208 3371 292 3426 νκαλ
311 3371 365 3426 del.
384 3372 488 3427 Reiske
565 3359 993 3440 9τόδο1.001)ο1’01)ε.ρ.62
1067 3377 1100 3426 16
1120 3368 1150 3438 ἐξ

134 3459 189 3497 om.
209 3441 261 3496 AB
346 3447 378 3498 17
402 3443 582 3513 παραστῆσαι
605 3443 657 3496 ΑΒ
738 3448 771 3497 21
791 3436 951 3511 ῆγερίαςΑ
1032 3448 1066 3496 22
1086 3440 1150 3496 Ῥω·

134 3519 216 3584 μαῑοι
234 3509 269 3566 τὰ
289 3530 312 3568 ο.
332 3513 475 3584 Kiessling
493 3509 528 3569 τὰ
549 3514 602 3570 del.
621 3513 728 3582 Kayser
745 3514 818 3569 Anu.
837 3511 907 3584 phil.
929 3517 996 3568 1861
1016 3531 1042 3583 p.
1063 3519 1078 3568 5

189 3621 288 3664 Dtom.
300 3623 366 3665 1111..
385 3623 406 3666 1.
418 3633 458 3664 ιο.
471 3622 573 3665 «Tmou.
957 3608 990 3657 16
