2660 3986
567 217 733 266 ..1⁸-

144 381 272 453 ἔθνους
293 371 481 442 ἀντιπάλου
502 369 678 460 Ῥωμαίοις
705 369 789 460 ὑπὲρ
818 377 877 460 τῆς
903 371 1007 461 ἀρχῆς
1029 372 1160 462 ἀνδρας

143 509 180 552 τε
203 479 352 569 μαχητάς
374 484 510 568 ἔχοντος
532 479 587 548 καὶ
606 478 720 566 χώραν
738 483 930 568 νεμομένου
952 479 1080 569 πολλὴν
1103 482 1159 550 καί

142 586 280 676 ἀγαθὴν
308 587 364 656 καὶ
391 591 450 674 τῆς
471 585 600 674 Ῥώμης
628 585 671 654 οὐ
696 586 811 675 πρόσω
834 591 1007 676 κειμένην,
1030 588 1160 676 πολλὴν

145 701 243 784 ἔσχεν
276 691 294 763 ὁ
327 693 513 782 Ταρκύνιος
544 698 742 781 προθυμίαν
773 695 829 762 καλ
859 694 1002 776 τούτους
1033 692 1160 781 ὑπαγα-

24 814 28 823 “
146 805 269 890 χόσθαι
303 801 359 869 καί
390 813 548 887 προεῖπεν
585 798 701 880 αὐτοῖς
735 798 796 869 τὸν
828 800 976 889 πόλεμον
1008 803 1187 888 έχκαλῶντ

146 921 219 990 ταῖς
241 907 396 993 πόλεσιν,
424 905 476 976 ότι
502 905 582 988 τοὺς
608 905 862 995 ὑποσχομένους
888 915 1077 997 Τυρρηνοῖς
1100 908 1160 978 έόιν

144 1013 334 1102 ἀφίκωνται
371 1012 514 1103 στρατὸν
551 1013 691 1101 ἀχοντες
723 1019 772 1096 είς
801 1013 864 1104 τὴν
900 1014 1015 1104 χώραν
1047 1015 1161 1085 αὐτῶν

147 1125 289 1201 ἐκείνοις
311 1121 373 1210 μὲν
397 1128 507 1210 φίλας,
525 1119 700 1210 Ῥωμαίοις
724 1120 755 1189 δ’
777 1120 902 1210 έχθράς
923 1121 1079 1210 ποιήσειν
1102 1121 1162 1204 τάς

147 1230 310 1314 σφετέρας
340 1233 503 1318 πατρίδας
534 1227 595 1298 οὐκ
627 1228 809 1316 ἐβούλοντο
843 1231 1011 1298 ἐκδοῦναι.
1061 1233 1097 1298 οί
1122 1229 1201 1299 δδ2

33 1322 37 1335 ’
145 1334 291 1464 ἅσμενοί
313 1362 348 1404 τε
375 1333 599 1423 ὑποδέχονται
630 1334 691 1404 τὸν
718 1335 867 1424 πόλεμον
897 1334 962 1404 ὀὐκ
990 1332 1162 1418 ἀξιοῦντες
1176 1369 1202 1408 ιο

146 1440 227 1521 τοὺς
246 1441 501 1522 δυνατωτάτους
519 1446 587 1510 τόν
610 1439 724 1511 ἀστῶν
741 1441 984 1530 ἀφαιρεθῆναι,
1007 1443 1062 1510 καὶ
1080 1444 1162 1531 πρὶν

84 1545 333 1634 ἀφικέσθαι
349 1546 523 1636 Ῥωμαίων
543 1547 691 1635 δύναμιν
715 1549 768 1617 έπί
792 1553 879 1635 σφᾶς
897 1546 996 1617 αὐτοὶ
1019 1546 1163 1638 στρατὸν

37 1630 43 1767 1
88 1656 172 1723 στκέ
172 1653 333 1741 ξάγουσιν
357 1653 470 1723 έπὶ
436 1682 499 1742 την
527 1657 597 1723 έκεί
582 1660 676 1724 ίνων.
725 1653 883 1741 βασιλεὺς
912 1655 951 1724 δέ
977 1654 1164 1744 Ταρκύνιος

150 1759 195 1842 ὡς
217 1760 341 1849 ἤκουσε
364 1761 605 1848 διαβεβηκότας
621 1759 701 1842 τοὺς
719 1766 893 1848 Σαβίνους
912 1759 1047 1892 Ἀνίητα
1064 1785 1165 1830 ποτα-

148 1866 214 1956 μὸν
237 1869 293 1937 καί
315 1865 603 1956 λεηλατούμενα“
586 1866 643 1936 νπ’
665 1865 777 1936 αὐτῶν
801 1893 841 1936 τα
827 1866 991 1956 περὶ
957 1893 1019 1956 την
1037 1891 1161 1956 παρεμ-
1177 1899 1202 1940 ιε

152 1973 304 2062 βολην“
282 1999 424 2061 απαντα,
448 1972 628 2061 ἀναλαβὼν
650 1973 713 2062 τὴν
740 1973 971 2062 εὐζωνοτάτην
989 1973 1163 2061 Ρωμαίων

134 2080 291 2168 ’νεότητα
310 2078 355 2162 ἀς
373 2079 440 2169 εἶχε
457 2073 579 2168 τάχους
598 2083 715 2167 ἐξῆγεν
733 2082 786 2150 ἐπὶ
803 2080 882 2162 τοὺς
899 2084 1165 2169 διεσπαρμένους

149 2190 203 2256 έπί
225 2186 284 2268 τὰς
300 2187 482 2277 προνομάς.
522 2185 720 2268 ἀποκτείνας
744 2188 782 2256 δὲ
803 2187 950 2269 πολλοὺς
972 2186 1085 2257 αὐτῶν
1107 2189 1163 2256 καί
1182 2195 1203 2260 3

148 2293 212 2382 τὴν
234 2301 328 2362 λείαν
357 2291 445 2381 ὅσην
471 2284 556 2380 ἦχον
583 2291 792 2380 ἀφελόμενος
820 2291 918 2380 ἐγγὺς
943 2298 1003 2381 τῆς
1025 2296 1163 2362 ἐκείνων

21 2422 40 2473 ετ
149 2403 362 2491 παρεμβολῆς
383 2405 513 2468 τίθεται
535 2397 596 2468 τὸν
624 2399 752 2486 χάρακα
778 2401 834 2467 καὶ
858 2399 1023 2468 διαλιπὼν
1047 2398 1162 2487 ὀλίγας
1177 2423 1204 2464 εο

149 2505 244 2588 τινὰς
265 2505 401 2596 ἡμέρας,
426 2509 487 2586 ἕως
509 2503 530 2593 ἥ
553 2531 588 2574 τε
611 2503 710 2592 λοιπὴ
731 2505 875 2594 δύναμις
898 2508 933 2574 ἐκ
955 2510 1014 2593 τῆς
1036 2505 1165 2586 πόλεως

153 2614 239 2702 πρὸς
260 2612 364 2683 αὐτὸν
387 2613 525 2699 ἀφίκετο
548 2612 604 2679 καὶ
627 2614 665 2678 αί
684 2609 773 2698 παρὰ
796 2616 864 2680 τῶν
888 2611 1072 2700 συμμάχων
1096 2615 1165 2682 ἐπι·

20 2771 23 2780 .
49 2778 51 2787 ,
152 2725 286 2807 κουρίαι
319 2718 556 2806 συνήχθησαν,
592 2718 788 2802 κατέβαινεν
806 2721 868 2797 είς
898 2716 936 2786 τὸ
968 2722 1087 2787 πεδίον
1120 2716 1166 2799 ὥς

20 2867 27 2900 ι,
152 2825 393 2913 μαχησόμενος.

240 2932 373 2998 LXIIII.
406 2928 553 3010 Ἰδόντες
579 2927 618 2995 δέ
643 2925 724 3007 τοὺς
745 2924 930 3014 Ῥωμαίους
958 2931 993 2996 οἱ
1018 2934 1163 3014 Σαβῖνοι
1178 2957 1205 2999 ετ

151 3036 338 3124 προθύμως
360 3037 414 3106 ἐπὶ
439 3034 500 3105 τὸν
528 3033 644 3121 ἀγῶνα
667 3036 860 3122 χωροῦντας
887 3035 1006 3120 έξῆχον
1029 3034 1084 3101 καὶ
1107 3033 1164 3102 αὐ-

21 3159 35 3238 ’,Ι
151 3145 206 3212 τοὶ
228 3141 287 3224 τὰς
314 3142 476 3231 δυνάμεις
504 3140 580 3212 οὔτε
608 3139 731 3228 πλήθει
758 3137 951 3226 λειπόμενοι
978 3142 1046 3206 τῶν
1069 3148 1165 3208 πολε-

224 3344 240 3393 3
259 3336 395 3428 κειμένην
414 3338 461 3394 Bb
476 3340 505 3392 ελ·
518 3335 622 3393 Reiske
640 3335 775 3417 κειμένου
789 3332 865 3387 ΒκΕ
919 3340 935 3388 5
954 3351 976 3386 π
994 3337 1103 3388 οειιιειν
1117 3332 1165 3386 ΑΒ

31 3450 38 3457 .
152 3409 250 3465 ‘lanto
269 3407 390 3480 στρατὸν
408 3407 533 3480 spatium
551 3407 633 3462 unius
651 3405 773 3462 vocisA
845 3405 954 3474 8φίλω
1014 3399 1126 3473 Ιέχθρδι
1140 3405 1168 3458 A

152 3486 187 3534 17
206 3481 475 3552 διεσπασμένουςΑ
546 3485 580 3534 22
600 3475 634 3532 αλ
650 3495 703 3534 om.
723 3478 746 3532 B

206 3585 299 3629 Dxmo
301 3589 468 3630 Hm..1.1›
471 3588 592 3632 ,εὔνοοι
970 3566 1006 3618 25
1075 3563 1079 3570 ¹
