2660 3986
537 237 569 245 -
608 209 701 260 Γ-
1058 206 1124 272 365

111 383 234 443 σαντος
257 365 388 432 ἐκείνου
410 367 469 450 τής
491 370 662 450 βασιλείας
684 363 749 435 ὑπὸ
769 366 904 434 πάντων
923 364 1016 448 ἄξιος
1039 368 1124 453 έκρί-

110 479 168 556 θη.
215 468 328 556 ἐπειδή
362 469 399 537 δέ
431 473 597 558 παρέλαβε
634 469 695 559 τήν
731 470 855 560 ἀρχήν,
891 476 1025 560 πρῶτον
1063 472 1124 559 μὲν

111 579 294 664 ἐπολέμησε
330 589 401 656 τοῖς
436 579 657 664 καλουμένοις
686 576 896 658 Ἀπιολανοῖς
932 577 1028 648 πόλει
1064 584 1125 648 τοῦ

111 689 269 752 Λατίνων
294 688 420 763 ἔθνους
447 679 509 752 ούκ
531 681 665 771 ἀφανεῖ.
710 688 746 752 οί
770 683 834 773 γάρ
854 682 1046 754 Ἀπιολανοὶ
1068 686 1125 754 καὶ
1145 686 1166 751 2

11 795 13 870 ἶ
112 793 147 859 οί
174 789 271 858 ἀλλοι
300 789 489 877 σύμπαντες
516 798 658 860 Λατῖνοι
690 790 770 878 μετά
798 789 859 860 τὸν
877 789 1004 878 ’Ἀγκου
1027 799 1152 878 Moto-⁶
1240 779 1245 790 ⁸

111 902 189 966 κίου
211 894 365 966 θάνατον
388 896 552 966 λελύσθαι
580 895 639 978 τάς
660 897 736 982 περὶ
763 901 822 985 τῆς
845 897 981 986 εἰρήνης
1004 895 1125 986 ὁμολο-

110 1009 187 1090 γίας
220 1002 370 1091 οἰόμενοι
401 1009 568 1093 ληστείαις
597 1031 633 1072 τε
660 1004 717 1072 καὶ
745 1018 932 1092 προνομαῖς
961 1003 1024 1092 τήν
1047 1001 1125 1073 Ῥω-

111 1115 221 1196 μαίων
249 1113 314 1197 γῆν
342 1109 527 1199 ἐπόρθουν·
564 1107 646 1178 ἀνθ’
677 1102 726 1180 ύν
758 1111 1014 1199 τιμωρήσασθαι
1046 1117 1126 1198 βου-

112 1215 255 1304 λόμενος
295 1212 417 1296 αύτούς
458 1213 476 1286 ὁ
518 1216 704 1302 Ταρκύνιος
749 1217 980 1306 ἐξεστράτευσε
1019 1221 1126 1306 πολλή

113 1322 255 1411 δυνάμει
277 1323 333 1392 καὶ
361 1326 420 1409 τῆς
446 1326 508 1410 γῆς
535 1321 648 1392 αὐτῶν
674 1322 738 1410 τήν
759 1330 940 1412 κρατίστην
963 1323 1124 1414 έδήωσεν·
1140 1348 1165 1388 ιο

59 1426 326 1516 544ἀφικομένης
349 1425 381 1496 δ’
402 1431 438 1498 έκ
454 1433 528 1498 τῶν
551 1429 793 1516 πλησιοχώρων
813 1436 970 1500 Λατίνων
994 1433 1125 1500 έπικου-
1145 1429 1165 1493 3

112 1542 188 1625 ρίας
219 1535 364 1622 μεγάλης
394 1549 465 1616 τοῖς
493 1534 704 1614 Ἀπιολανοῖς
738 1534 850 1616 διττάς
881 1541 1010 1606 τίθεται
1043 1535 1127 1623 πρὸς

113 1639 237 1724 αύτούς
263 1642 384 1730 μάχας,
410 1641 578 1730 κρατήσας
604 1640 636 1710 δ’
667 1644 705 1712 έν
733 1639 938 1730 ἀμφοτέραις
966 1643 1042 1731 περὶ
1064 1641 1126 1730 τήν

111 1755 310 1838 πολιορκίαν
332 1754 392 1836 τῆς
413 1748 541 1830 πόλεως
568 1751 695 1835 ἐγίνετο
722 1750 778 1818 καὶ
800 1753 948 1836 προσήγε
969 1762 1040 1829 τοῖς
1063 1753 1127 1816 τεί-

112 1875 184 1944 χεσι
206 1854 263 1937 τὰς
287 1855 446 1943 δυνάμεις
474 1857 510 1924 έκ
534 1859 706 1943 διαδοχῆς·
734 1859 770 1924 οί
796 1853 829 1923 δ’
856 1858 892 1924 έιι
913 1859 973 1942 τής
999 1853 1127 1934 πόλεως
1141 1877 1165 1918 ιε

31 1977 34 1980 ’
114 1960 224 2050 ὀλίγοι
241 1989 277 2032 τε
293 1960 376 2048 πρὸς
390 1961 536 2044 πολλοὺς
550 1961 734 2050 μαχόμενοι
751 1962 808 2030 καὶ
826 1951 897 2031 κατ’
915 1959 1040 2031 οὐδένα
1057 1988 1128 2030 και-

114 2069 178 2156 ρὸν
200 2068 420 2149 ἀναπαύσεως
441 2068 664 2156 τυγχάνοντες
684 2069 895 2159 έξηρέθησαν
919 2065 983 2136 σύν
1005 2066 1128 2158 χρόνῳ.

113 2173 261 2263 ἀλούσης
288 2174 326 2244 δέ
353 2173 435 2244 κατά
461 2175 582 2264 κράτος
607 2179 666 2263 τῆς
692 2177 820 2256 πόλεως
846 2179 883 2244 οί
907 2174 970 2262 μὲν
992 2178 1129 2254 πλείους

112 2287 183 2352 τῶν
203 2275 411 2352 Ἀπιολανῶν
438 2281 623 2369 μαχόμενοι
650 2280 924 2369 κατεσφάγησαν,
953 2279 1061 2367 ὀλίγοι
1091 2279 1128 2348 δέ

113 2387 155 2458 τά
179 2387 265 2458 ὅπλα
287 2388 496 2478 παραδόντες
518 2387 586 2476 ἅμα
612 2401 683 2468 τοῖς
705 2386 820 2467 ἀλλοις
842 2387 1006 2475 λαφύροις
1029 2386 1127 2469 έπρά-
1142 2409 1168 2450 ω

114 2505 245 2582 θησαν,
276 2496 394 2576 παῖδές
424 2521 460 2564 τε
496 2493 609 2564 αὐτῶν
644 2493 700 2562 καί
731 2505 887 2579 γυναῖκες
922 2490 1128 2580 ἀνδραποδι-

115 2605 256 2683 σθέντες
278 2600 345 2672 ὑπὸ
363 2599 537 2691 Ῥωμαίων
555 2599 769 2688 ἀπήχθησαν,
791 2601 846 2668 καὶ
870 2597 892 2686 ἡ
915 2599 1013 2681 πόλις
1035 2604 1128 2687 διαρ·

114 2717 285 2778 πασθεῖσα
312 2708 514 2796 ἐνεπρήσθη.
562 2712 666 2778 ταῦτα
693 2706 962 2796 διαπραξάμενος
988 2703 1007 2775 ὁ
1034 2711 1170 2794 βασι-4

116 2813 194 2896 λεύς
220 2815 276 2884 καὶ
304 2813 343 2884 τὸ
370 2829 477 2904 τεῖχος
509 2817 545 2886 ἐκ
575 2819 749 2903 θεμελίων»
776 2811 991 2894 κατασκάψας
1021 2810 1129 2899 ἀπήγε

115 2920 178 3008 τήν
202 2921 351 3010 δύναμιν
375 2919 424 2989 ἐπ’
451 2930 548 2990 οίκου
574 2922 630 2990 καὶ
657 2919 738 3008 μετὰ
765 2917 865 2990 τοῦθ’
892 2919 1008 3008 ἑτέραν
1032 2937 1128 3006 στρα-
1143 2937 1169 2980 25

114 3027 191 3098 τιάν
218 3019 301 3115 ήγεν
329 3027 382 3095 ἐπὶ
409 3024 472 3113 τήν
494 3030 800 3115 Κρουστομερίνων
828 3023 938 3092 πόλιν.
983 3023 1067 3111 αὕτη
1092 3024 1129 3092 δὲ

189 3266 205 3313 3
221 3253 388 3320 άπιολάνοις
402 3256 424 3310 0
440 3259 469 3312 et
482 3257 522 3313 ιὶο
536 3274 653 3328 semper,
668 3273 737 3313 corr.
749 3254 891 3326 Kiesdiug
945 3261 980 3311 20
994 3249 1048 3311 ἔντυ’
1059 3297 1065 3311 .
1075 3258 1130 3326 θη·

117 3349 171 3386 σαν
190 3329 212 3382 Β
268 3335 302 3383 26
320 3320 391 3397 ήγεν
408 3328 550 3400 Kieusling
567 3323 680 3398 ἀπῆγεν
694 3328 717 3383 Ο
732 3326 767 3384 τί.
783 3325 905 3382 Sintenis
918 3327 980 3382 Em.
994 3326 1076 3382 Dion.
1091 3327 1131 3382 111

116 3421 145 3472 p.
165 3407 209 3468 23,
229 3399 318 3455 Cobet
332 3398 398 3454 Obs.
412 3417 440 3470 p.
455 3405 490 3456 ‘10
506 3401 511 3470 Ι
526 3399 767 3471 κρουατομερινάν
786 3399 862 3454 BaR
879 3399 1131 3469 κρουστομερηνύν

117 3472 165 3528 Bb
183 3473 212 3526 οῖ
231 3469 271 3525 sic
290 3486 400 3541 semper
