2670 3984
199 222 265 287 154
621 223 785 276 -B—

199 385 446 471 δοθησομένην.
486 381 524 451 τό
550 382 588 451 δέ
610 387 678 451 τεόν
698 382 879 472 Οίνότρων
902 384 1000 470 γένος
1014 380 1215 470 Ἀρκαδικὸν

198 481 241 576 ἦν
270 492 305 559 ἐκ
332 495 391 577 τῆς
416 488 492 558 τότε
519 489 581 577 μὲν
609 491 819 578 καλουμένης
845 495 1052 577 Λυκαονίας,
1079 494 1146 558 νῦν
1175 489 1216 559 δέ

195 593 385 685 Ἀρκαδίας,
414 597 574 678 ἑκουσίως
603 595 743 678 ἐξελθὸν
772 596 825 664 ἐπὶ
847 599 909 692 γῆς
935 600 1055 684 κτῆσιν
1078 593 1214 684 άμείνο-

198 730 258 784 νος
280 701 472 792 ἡγουμένου
489 707 549 791 τῆς
571 700 725 786 ἀποικίας
744 702 920 792 Οίνιότρου
942 707 1004 772 τοῦ
1024 702 1215 791 Λυκάονος,

157 779 253 908 Ξέηά
280 801 321 879 οὗ
343 810 407 898 τὴν
430 813 603 896 ἐπίκλησιν
630 808 668 879 τὸ
692 805 794 890 έθνος
822 814 950 896 ἐλαβεν.
992 806 1216 897 Ἀβοριγίνων

199 916 237 985 δὲ
259 915 467 1005 κατεχόντων
490 915 530 984 τὰ
553 921 659 1004 χωρία
681 920 808 1005 πρῶτοι
835 915 898 1004 μὲν
921 913 1037 997 αὐτοῖς
1059 921 1216 1002 γίνονται

198 1015 352 1092 σύνοικοι
374 1024 545 1110 Πελασγοί
572 1022 735 1110 πλάνητες
763 1023 800 1090 ἐκ
821 1026 880 1111 τῆς
906 1021 982 1092 τότε
1009 1022 1071 1110 μὲν
1093 1031 1215 1092 καλου-

198 1133 300 1218 μένης
336 1132 515 1216 Αίμονίας,
552 1133 617 1198 νόν
654 1130 692 1198 δὲ
727 1135 920 1216 Θετταλίας,
958 1132 995 1198 ἐν
1027 1120 1049 1220 ᾗ
1081 1129 1270 1218 χρόνονλκο

197 1237 273 1305 τινὰ
302 1235 451 1334 ρ’όκησαν·
487 1238 569 1325 μετὰ
597 1236 635 1306 δέ
666 1235 745 1317 τοὺς
771 1235 970 1324 Πελασγοὺς
994 1234 1149 1325 Ἀρκάδες
1178 1238 1217 1306 ἐκ

159 1371 186 1412 ιο
199 1348 416 1412 Παλλαντίου
451 1341 580 1423 πόλεως
616 1341 810 1425 ἐξελθόντες
846 1341 1028 1433 Εὔανδρον
1064 1340 1216 1432 ἡγεμόνα

199 1449 420 1539 ποιησάμενοι
455 1454 515 1537 τῆς
550 1446 705 1530 άποικίας
730 1446 857 1538 Ἑρμοῦ
893 1449 949 1518 καί
985 1449 1122 1539 νόμφης
1157 1452 1217 1520 Θέ-

199 1562 297 1646 μιδος
319 1556 414 1644 υίόν,
438 1563 475 1626 οἳ
493 1555 577 1647 πρὸς
605 1557 656 1626 ένί
682 1559 751 1626 τόν
777 1554 858 1624 ἐπτδι
880 1555 999 1644 λόφων
1020 1563 1216 1640 πολίζονται

200 1661 237 1744 δς
264 1665 301 1732 ἐν
329 1665 418 1756 μέσῳ
446 1663 590 1753 μάλιστα
617 1677 721 1732 κείται
748 1666 807 1752 τῆς
844 1663 972 1751 Ρεόμης,
996 1663 1215 1732 Παλλάντιον
1324 1681 1325 1692 ’

200 1768 429 1859 ὀνομάσαντες
459 1770 497 1840 τὸ
526 1777 652 1859 χωρίον
685 1771 737 1839 ἐπὶ
768 1773 828 1858 τῆς
855 1773 892 1838 έν
917 1768 1075 1862 Ἀρκαδία
1101 1776 1217 1860 πατρί-

51 1937 56 1943 .
159 1853 269 1982 ᾗδος.
314 1878 451 1966 χρόνοις
479 1875 510 1946 δ’
537 1875 578 1947 οὐ
605 1885 743 1957 πολλοῖς
768 1875 912 1965 ὕστερον
929 1875 1131 1965 Ἡρακλέους
1157 1904 1216 1946 κα-

198 1985 382 2072 ταχθέντος
404 1989 452 2065 είς
471 1983 626 2071 Ἰταλίαν,
650 1982 704 2054 ὅτε
721 1981 784 2071 τὴν
805 1982 965 2070 στρατιὰν
985 1985 1018 2066 ἐξ
1038 1982 1217 2070 Ἐρυθείας

200 2096 315 2161 οίκαδε
350 2091 518 2179 ἀπήγαγε,
554 2093 657 2180 μοῖρά
692 2115 742 2171 τις
778 2087 1023 2177 ὑπολειφθεῖσα
1058 2094 1117 2178 τῆς
1148 2090 1216 2160 σὺν

80 2266 84 2274 ,
199 2196 290 2293 αὐτῷ
315 2197 489 2286 δυνάμεως
505 2196 682 2285 Ἑλληνικὴ
700 2203 844 2284 πλησίον
869 2197 1020 2286 ίδρόεται
1040 2203 1101 2266 τοῦ
1120 2205 1214 2267 Παλ-
1326 2273 1327 2282 ¹

199 2312 354 2392 λαντίου,
385 2303 470 2391 πρὸς
497 2305 596 2396 ἑτέρω
626 2307 695 2372 τεόν
728 2305 1020 2392 ἐμπεπολισμένων
1047 2308 1088 2394 τῇ
1119 2304 1216 2374 πόλει
1326 2309 1327 2374 ί

159 2437 186 2478 εο
199 2413 333 2500 λόφων,
362 2409 400 2492 ὃς
425 2410 500 2480 τότε
527 2411 589 2499 μὲν
616 2408 683 2480 ὑπὸ
715 2415 784 2481 τόν
811 2414 997 2500 ἐπιχωρίων
1025 2411 1228 2499 Σατόρνιος.
1326 2431 1327 2464 ³

200 2520 344 2607 ἐλέγετο,
374 2523 441 2588 νῦν
470 2518 509 2587 δέ
531 2525 766 2600 Καπιτωλῖνος
788 2516 853 2588 ὑπὸ
872 2516 1061 2606 Ῥωμαίων·
1091 2516 1214 2588 Ἐπειοί

199 2629 276 2714 <οί>
303 2631 437 2706 πλείους
464 2624 595 2696 τούτων
622 2617 710 2712 ἦσαν
735 2627 770 2695 ἐκ
785 2625 914 2707 πόλεως
930 2624 1072 2706 Ἤλιδος
1095 2625 1272 2707 &gava-23⁷

199 2732 336 2812 στάντες
368 2735 684 2821 διαπεπορθημένης
720 2731 836 2814 αὐτοῖς
870 2737 929 2820 τῆς
959 2736 1130 2822 πατρίδος·
1151 2727 1211 2819 ὑφ’

193 2836 406 2926 Ἡρακλέους.

270 3077 286 3126 2
309 3073 374 3127 νυνί
396 3071 419 3126 Β
506 3079 522 3128 8
547 3068 679 3128 ἐκοόσιον
702 3089 725 3127 ο.
749 3071 874 3127 Κίθεείίω
985 3077 1000 3126 7
1024 3066 1166 3140 πλάνητες
1187 3069 1212 3124 Β

150 3144 337 3212 ’πλανῆται
355 3144 381 3198 Β
401 3145 410 3230 J
434 3138 499 3200 τότε
519 3141 572 3214 μέν
591 3160 646 3199 om.
665 3141 718 3198 AB
791 3089 1102 3269 8θεζττ>α<λ>ίαςΒ
1176 3147 1213 3198 12

197 3211 339 3288 υί<ω>νολ
356 3215 464 3284 προςΒ
480 3219 485 3284 Ι
500 3216 662 3281 πολίζονται
680 3215 745 3284 μοιτί
762 3210 859 3283 λόφων
915 3213 942 3269 οἳ
960 3215 1121 3280 πολίζονται
1139 3208 1215 3283 πρὸς

200 3281 243 3340 ἕνί
260 3306 283 3341 τ.
303 3289 325 3340 λ.
344 3287 370 3340 R
444 3293 477 3342 18
491 3283 656 3356 Ἑλληνικῆς
675 3303 698 3340 ο.
714 3285 818 3341 Reiske
838 3289 843 3356 Ι
864 3281 992 3356 ίδρόεται
1010 3285 1033 3338 Β
1057 3285 1170 3354 ἵδρυται
1188 3284 1216 3339 Β

235 3360 268 3410 19
286 3351 410 3412 πόλειΒ
438 3353 518 3429 δάμη
541 3357 567 3410 Β
647 3361 683 3412 20
703 3351 749 3412 ἐπί
772 3357 828 3411 τῶν
850 3356 927 3410 ΑΒε,
1008 3361 1041 3411 21
1059 3350 1218 3411 Ἐπιειολοί

198 3426 340 3496 Kiessling
381 3425 412 3482 οί
439 3445 493 3485 om.
524 3427 556 3496 0,
582 3422 705 3489 ,Ἐπειοί
727 3425 835 3483 τούτων
861 3425 890 3483 οί
914 3430 1030 3491 πλείους
1057 3443 1080 3483 ο.
1108 3426 1215 3482 Reiske

198 3503 233 3552 θλ
255 3499 368 3560 πλείουςΙ
386 3495 493 3554 τοότων
511 3497 534 3552 Β
553 3495 661 3554 τοότων
679 3503 724 3554 πλ.
742 3500 768 3554 Β
