2660 3986
606 235 640 245 -
681 209 772 259 Γ-
1129 205 1194 271 391

181 365 277 445 λέξας
298 359 428 451 άνδρας
450 361 569 433 ἑκατόν
593 365 626 446 ἐξ
649 361 808 434 ἁπάντων
830 366 899 434 τῶν
919 369 1121 453 δημοτικῶν,
1145 361 1196 447 οἷς

179 467 304 558 ἀρετήν
327 497 403 538 τινα
421 469 604 559 πολεμικὴν
627 467 648 558 ἢ
667 469 842 559 πολιτικὴν
860 471 1031 561 φρόνησιν
1051 471 1195 554 ἅπαντες

181 577 403 666 ἐμαρτύρουν,
426 582 622 666 πατρικίους
640 579 773 665 ἐποίησε
790 578 846 648 καὶ
864 580 1039 660 κατέταξεν
1063 584 1110 660 είς
1132 578 1193 650 τόν

179 689 249 752 τῦν
276 688 471 770 βουλευτῶν
499 682 664 772 ἀριθμόν,
691 685 747 752 καὶ
775 685 848 754 τότε
877 689 1012 772 πρῶτον
1036 687 1192 772 ἐγένοντο

175 788 351 879 Ῥωμαίοις
372 789 560 879 τριακόσιοι
582 792 762 878 βουλευταὶ
788 791 915 873 τέως”
897 819 993 873 οντες
1016 791 1193 861 διακόσιοι.
1207 818 1221 861 ε

180 901 292 966 ἔπειτα
318 912 391 978 ταῖς
419 901 523 986 ίεραῖς
553 895 803 984 παρθένοις,“
785 897 845 986 αφ’
876 889 925 966 ὧν
956 898 995 968 τδ
1027 897 1233 986 άσβεστον2

180 1004 380 1090 φυλάττεται
402 1008 486 1092 πῦρ,
508 1007 682 1092 τέτταρσιν
706 1002 824 1085 οὔσαις
848 1005 910 1075 δύο
933 1008 1193 1094 προσκατέλεξεν

125 1112 310 1199 εεοίτέρας·
342 1110 511 1180 πλειόνων
535 1109 599 1200 γάρ
631 1109 697 1199 ἤδη
730 1114 1009 1199 συντελουμένου
1040 1108 1106 1181 ῦπδ
1135 1116 1194 1200 τῆς

178 1216 307 1298 πόλεως
329 1221 543 1307 ἱερουργιῶν,
565 1212 619 1297 αἶς
642 1220 711 1286 ἐδει
733 1216 793 1298 τὰς
814 1222 872 1304 τῆς
889 1216 1020 1298 Ἑστίας
1037 1232 1193 1308 παρεῖναι

178 1323 392 1409 θυηπόλους,
420 1321 482 1391 ούκ
514 1322 658 1392 ἐδόκουν
690 1327 730 1392 αἱ
755 1325 907 1410 τέτταρες
933 1321 1058 1410 άρκεῖν.
1108 1331 1192 1412 Ταρ-
1207 1351 1233 1392 ιο

179 1435 301 1497 κυνίου
329 1429 367 1498 δέ
394 1428 557 1516 άρξαντος
583 1427 801 1517 ἠκολούθουν
834 1433 870 1497 oc
894 1431 1007 1498 λοιποί
1033 1437 1193 1517 βασιλεῖς,

178 1537 234 1603 καὶ
262 1539 358 1624 μέχρι
385 1539 453 1604 τῶν
484 1534 563 1603 καθ’
589 1533 677 1623 ἡμᾶς
703 1534 838 1622 χρόνων
871 1538 904 1617 ἐξ
932 1533 1193 1606 ἀποδείκνυνται

178 1646 238 1730 τῆς
250 1640 382 1723 Ἑστίας
400 1641 594 1730 άμφίπολοι.
634 1646 728 1710 δοκεῖ
745 1642 782 1710 δέ
800 1643 856 1710 καὶ
874 1642 933 1722 τὰς
949 1649 1119 1730 τιμωρίας,
1138 1638 1191 1723 αἷς
1210 1645 1231 1710 3

177 1747 376 1830 κολάζονται
407 1747 492 1837 πρὸς
522 1752 591 1817 τῶν
624 1751 836 1836 ίεροφαντῦν
864 1751 903 1816 ac
927 1747 971 1836 μὴ
1002 1749 1192 1836 φυλάττον·

178 1874 236 1922 σαι
272 1853 335 1942 τὴν
352 1859 577 1944 παρθενίαν,
614 1857 741 1934 ἐκεῖνος
777 1856 925 1943 ἐξευρεῖν
960 1859 1092 1944 πρῶτος
1127 1864 1192 1924 εῖτε
1207 1875 1233 1916 1⁵

177 1958 261 2030 κατά
288 1959 452 2049 λογισμόν
479 1971 545 2030 είτε
575 1959 619 2042 ὡς
651 1967 785 2030 οίονταί
809 1989 900 2042 τινες
926 1958 1047 2052 όνείρφ
1075 1961 1193 2030 πευθό-

177 2093 293 2156 μενος,
316 2065 358 2148 άς
384 2066 465 2155 μετὰ
491 2067 554 2156 τὴν
576 2070 711 2136 ἐκείνου
732 2066 889 2156 τελευτὴν
911 2071 950 2137 ἐν
972 2083 1043 2148 τοῖς
1065 2075 1191 2155 Σιβυλ-

176 2180 282 2255 λείοις
313 2173 497 2264 εῦρεθῆναι
533 2189 695 2262 χρησμοῖς
732 2177 766 2242 οῖ’
799 2179 867 2244 τῶν
904 2177 1005 2262 ίεροῐν
1035 2177 1192 2262 ἐξηγηταί

177 2283 350 2367 λέγουσιν·
372 2283 537 2370 ἐφωράθη
560 2281 625 2369 γάρ
643 2308 694 2360 τις
717 2283 769 2350 ἐπί
789 2286 849 2372 τῆς
871 2283 1003 2350 ἐκείνου
1020 2287 1192 2370 βασιλείας

178 2390 283 2477 ἱέρεια
297 2395 447 2476 Πιναρία
461 2394 618 2457 Ποπλίου
635 2387 791 2476 θυγάτηρ
816 2387 877 2475 ούχ
895 2387 981 2475 άγνη
999 2391 1192 2476 προσιοῦσα
1204 2415 1232 2454 εο

176 2509 248 2574 τοῖς
271 2499 382 2583 ἱεροῖς.
422 2494 546 2584 τρόπος
565 2494 602 2563 δέ
624 2501 785 2583 τιμωρίας
807 2493 899 2574 ὅστις
917 2497 1020 2580 ἐστίν,
1043 2485 1070 2586 ᾧ
1092 2495 1191 2563 κολά-

178 2609 271 2684 ζουσι
298 2600 357 2683 τδις
384 2605 646 2690 διαφθαρείσας,
674 2604 712 2670 ἐν
738 2605 779 2690 τη
805 2599 871 2689 πρὸ
899 2599 1021 2688 ταύτης
1044 2600 1191 2688 δεδήλω-

176 2716 235 2777 ταί
255 2736 312 2796 μοι
335 2713 458 2800 γραφῇ.
502 2707 564 2797 τήν
592 2735 627 2778 τε
654 2706 801 2796 άγοράν,
828 2709 866 2776 ἐν
892 2697 914 2797 ᾗ
939 2707 1111 2790 δικάζουσι
1133 2705 1230 2776 καί4

178 2815 429 2902 ἐκκλησιάζουσι
465 2817 521 2884 καὶ
561 2813 620 2895 τάς
655 2813 759 2895 άλλας
796 2811 967 2894 πολιτικάς
1003 2816 1190 2882 ἐπιτελοῦσι

177 2921 311 3010 πράξεις
342 2925 469 3003 ἐκεῖνος
501 2921 686 3009 ἐκόσμησεν
719 2925 949 3010 ἐργαστηρίοις
980 2946 1015 2988 τε
1045 2921 1099 2988 καὶ
1129 2945 1189 2988 πα-
1203 2942 1230 2982 ετ

123 3028 278 3098 581στάσι
300 3027 507 3118 περιλαβών,
530 3031 586 3098 καί
612 3027 653 3098 τά
680 3035 770 3116 τείχη
797 3033 856 3115 τῆς
882 3026 1010 3106 πόλεως
1033 3024 1189 3114 αύτοσχέ·

8 3299 15 3341 ι
248 3255 356 3330 Βῦτιὲρ
380 3277 403 3314 ο.
424 3260 557 3348 Sylburg‚
584 3259 660 3329 quod
681 3260 783 3329 probat
800 3257 907 3328 Kayser
929 3260 1001 3312 Ann.
1024 3257 1094 3326 phil
1118 3263 1188 3313 1863

175 3349 202 3419 μ.
224 3337 239 3386 '1
296 3337 328 3386 12
347 3327 451 3412 χρόνον
470 3327 700 3386 ἀποδείκνυνται
711 3327 788 3385 αί
755 3350 805 3398 της
823 3329 1003 3414 OpraeterB
1060 3335 1092 3382 17
1111 3322 1190 3390 δςΑ

176 3423 195 3456 α
214 3397 276 3456 R
257 3423 295 3465 ως
313 3420 336 3458 ο
354 3401 496 3475 Kiessh'ng
512 3406 516 3469 Ι
532 3404 681 3473 σιβυλλίοις
695 3406 720 3456 A
781 3407 817 3456 24
834 3395 979 3462 πολιτικάς
998 3395 1189 3454 έπιτελοῦσιΒ

177 3469 335 3529 ἐπιτελοῦσι
352 3495 380 3530 π
400 3476 426 3529 R
507 3481 541 3532 25
560 3474 608 3528 καί
627 3469 749 3528 παστάσι
767 3472 790 3526 Β
809 3473 858 3527 καί
877 3490 946 3526 παοι
964 3473 989 3526 R
