2670 3984
623 285 656 295 -
693 255 715 308 Β
753 286 785 295 ·-
1145 256 1208 323 181

195 414 251 481 καί
265 413 422 502 ψήφισμα
435 419 571 502 βουλῆς.
595 413 702 495 οὕτως
720 412 869 502 εὐλαβῶς
887 413 908 504 ἡ
927 414 1025 498 πόλις
1043 422 1109 505 ἔχει
1127 417 1211 507 πρὸς

195 518 236 589 τά
259 518 322 590 ούκ
345 520 506 610 ἐπιχώρια
529 526 593 609 ἔθη
616 523 692 611 περὶ
715 525 810 591 θεῶν
831 523 887 591 καὶ
910 521 1019 592 πάντα
1043 521 1210 595 ὀττεύεται

194 632 321 716 τῦφον,
344 619 371 721 ᾧ
395 627 439 717 μὴ
462 627 615 718 πρόςεστι
637 627 675 699 τὸ
699 626 867 716 εὐπρεπές.

284 737 355 804 ΧΧ.
387 737 455 804 Καὶ
487 737 603 823 μηδεὶς
633 732 786 826 ἀπολάβη
819 763 859 824 με
890 734 1029 823 ἀγνοεῖν
1059 735 1111 808 ὅτι
1140 742 1209 808 τῶν

191 839 397 928 Ἑλληνικῶν
430 842 554 931 μύθων
590 847 659 912 είσί
690 869 780 924 τινες
813 841 1010 929 ἀνθρώποις
1041 845 1236 934 χρήσιμοι,ι

196 952 231 1017 οί
251 948 314 1036 μὲν
337 948 606 1037 ἐπιδεικνύμενοι
628 947 669 1018 τά
695 953 754 1038 τῆς
776 948 910 1036 φύσεως
934 955 1014 1037 ἔργα
1038 950 1084 1020 δι’
1110 949 1209 1040 ἀλλη-

194 1061 327 1144 γορίας,
365 1059 401 1125 οί
434 1055 473 1124 δὲ
503 1062 721 1145 παραμυθίας
758 1059 855 1126 ἕνεκα
891 1062 1104 1146 συγκείμενοι
1139 1063 1208 1128 τῶν

195 1160 421 1249 ἀνθρωπείων
452 1167 654 1252 συμφορῶν,
683 1167 718 1232 οί
739 1163 777 1232 δὲ
803 1163 948 1253 ταραχὰς
975 1165 1208 1254 ἐξαιρούμενοι

141 1273 308 1358 ειιψνχῆς
325 1271 381 1339 καί
401 1273 539 1359 δείματα
557 1272 613 1339 καὶ
632 1270 733 1353 δόξας
750 1276 997 1360 καθαιροῦντες
1013 1271 1075 1361 οὐχ
1092 1270 1209 1360 ὑγιεῖς,

196 1379 231 1445 οῖ
240 1467 243 1474 ,
260 1373 292 1444 δ’
322 1375 426 1465 ἄλλης
461 1375 554 1458 τινὸς
591 1379 687 1446 ἕνεκα
724 1379 1000 1465 συμπλασθέντες
1039 1377 1208 1468 ὠφελείας.
1223 1413 1249 1452 ιο

193 1481 279 1552 ἀλλὰ
300 1488 419 1571 καίπερ
443 1483 662 1571 ἐπιστάμενος
683 1487 787 1554 ταῦτα
815 1482 958 1565 οὐδενὸς
980 1499 1094 1574 χεῖρον
1118 1484 1248 1574 ὅμως2

194 1589 344 1677 εὐλαβῶς
376 1591 544 1678 διάκειμαι
580 1589 664 1678 πρὸς
700 1589 823 1671 αὐτοὺς
853 1592 909 1659 καί
944 1589 1008 1693 τὴν
1033 1589 1229 1681 Ῥωμαίων·

193 1702 322 1786 μᾶλλον
352 1695 559 1785 ἀποδέχομαι
581 1703 780 1784 θεολογίαν,
810 1698 1066 1786 ἐνθυμούμενος
1092 1697 1145 1768 ὅτι
1167 1698 1208 1768 τά

193 1804 255 1892 μέν
280 1805 315 1872 έκ
337 1809 405 1874 τῶν
423 1803 630 1892 Ἑλληνικῶν
659 1803 782 1891 μύθων
809 1803 924 1891 ἀγαθὰ
951 1805 1053 1892 μικρά
1080 1831 1115 1874 τε
1138 1807 1207 1874 ἐστὶ

191 1912 248 1979 καί
272 1909 313 1980 ού
336 1909 482 1992 πολλοὺς
504 1910 677 1998 δυνάμενα
697 1907 852 1997 ἀφελεῖν,
870 1908 956 1979 ἀλλά
978 1910 1107 1998 μόνους
1128 1911 1208 1992 τοὺς
1222 1935 1248 1976 ιι

192 2017 390 2105 ἐξητακότας
408 2008 456 2085 ῶν
476 2020 573 2085 ἕνεκα
591 2021 729 2103 γίνεται,
748 2015 886 2086 σπάνιοι
909 2013 942 2084 δ’
967 2017 1054 2084 είσλν
1078 2019 1115 2084 οί
1134 2043 1207 2104 μετ-

99 2105 109 2122 ’
192 2123 367 2211 ειληφότες
400 2124 522 2211 ταύτης
554 2127 613 2210 τῆς
645 2128 857 2211 φιλοσοφίας.
903 2120 921 2192 δ
952 2123 990 2192 δὲ
1016 2121 1122 2204 πολύς
1151 2125 1207 2192 καὶ

192 2228 446 2318 ἀφιλοσόφητος
478 2229 576 2316 όχλος
607 2227 662 2298 ἐπὶ
695 2229 736 2298 τά
767 2236 866 2318 χείρω
898 2229 1084 2318 λαμβάνειν
1116 2237 1210 2316 φιλεῖ

191 2336 271 2418 τοὺς
297 2338 373 2426 περὶ
401 2335 513 2406 αὐτῶν
541 2335 664 2422 λόγους
690 2337 747 2404 καλ
776 2340 872 2404 δυεῖν
899 2336 1018 2424 πάσχει
1047 2335 1206 2424 θάτερον,

192 2440 213 2530 ἢ
236 2457 445 2532 καταφρονεῖ
468 2447 537 2512 τῶν
564 2445 658 2510 θεῶν
687 2439 732 2522 ῶς
758 2445 796 2512 ἐν
825 2447 932 2532 πολλῇ
961 2447 1206 2535 κακοδαιμονίᾳ
1220 2467 1246 2508 ιο

191 2552 481 2638 κυλινδουμένων,
499 2546 520 2637 ἢ
538 2553 608 2618 τῶν
628 2553 808 2636 αἰσχίστων
830 2575 866 2619 τε
887 2551 943 2618 καὶ
966 2550 1206 2638 παρανομωτά-

191 2683 260 2726 των
284 2654 427 2738 ούδενδς
449 2656 603 2745 ἀπέχεται
625 2665 721 2737 θεοῖς
750 2655 835 2725 αύτδι
856 2661 1081 2744 προσκείμενα
1105 2655 1206 2744 ὁρῶν.

281 2766 367 2831 XXI.
402 2762 489 2832 Ἀλλ’
514 2760 597 2852 ὑπὲρ
630 2763 692 2852 μὶν
718 2763 853 2832 ’τούτων
884 2777 955 2844 τοῖς
984 2762 1066 2833 αὐτὸ
1096 2764 1205 2852 μόνον

136 2868 234 2940 278τὸ
257 2869 467 2959 θεωρητικὸν
489 2874 548 2956 τῆς
570 2876 774 2959 φιλοσοφίας
796 2873 898 2957 μέρος
924 2868 1207 2957 ἀποτετμημένοις

192 2975 346 3065 ἀφείσθω
376 2990 528 3062 σκοπεῖν,
555 2980 614 3063 τῆς
642 2972 673 3044 δ’
699 2972 764 3044 ὑπὸ
789 2972 961 3062 Ῥωμύλου
987 2980 1205 3044 κατασταθεί-
1219 2997 1245 3039 ει

192 3102 253 3170 σης
275 3089 443 3163 πολιτείας
459 3083 515 3152 καλ
532 3081 613 3150 τάδε
631 3077 810 3169 ἡγησάμην
829 3085 978 3168 ἱστορίας
995 3079 1080 3163 ἀξια.
1116 3086 1204 3170 πρῶ-

264 3323 278 3370 1
303 3308 320 3383 ἢ
343 3309 479 3385 ψήφισμα
507 3331 531 3371 ο.
558 3311 699 3382 Kiessling
785 3319 801 3367 θ
826 3331 900 3375 τινες
929 3307 961 3366 έν
989 3307 1155 3382 ἀνθρώποις
1181 3313 1204 3367 Β
1249 3298 1251 3304 ¹

191 3385 461 3455 θκαθαίροντεςΑ
547 3389 580 3440 15
603 3379 674 3438 ἀλλά
698 3382 843 3454 μάλλονΒ
929 3387 965 3437 20
987 3390 1169 3453 καταφρονεῖ
1181 3385 1204 3438 Β

190 3464 383 3582 ιοιζαφρρονεῑν
397 3458 423 3512 R
476 3461 509 3512 21
525 3455 699 3526 κυλιομένου
718 3471 741 3510 ε.
756 3454 846 3510 Cobet
859 3454 925 3509 Obs.
939 3472 967 3525 p.
982 3459 1017 3509 45
1071 3460 1107 3510 24
1120 3454 1205 3526 μέρος
