2682 3982
555 258 718 312 ..Β-

128 422 264 506 τιράτου
288 422 420 505 οίκῆσαι
438 419 515 507 περὶ
537 415 600 504 τὴν
618 419 832 506 καλουμένην
849 415 1036 506 Ῥεατίνην·
1063 421 1144 488 ἐκεί-

128 535 195 594 θεν
217 525 256 594 δέ
278 522 344 594 ὑπὸ
368 528 554 610 Πελασγῶν
579 526 819 606 ἐξελασθέντας
849 530 897 606 είς
918 525 1044 612 ταύτην
1066 523 1144 614 άφι-

128 635 250 702 κέσθαι
273 631 335 720 τὴν
362 636 427 719 γῆν
456 637 543 700 ἔνθα
571 636 635 702 νύν
665 636 796 700 οίκούσι
818 632 875 701 καὶ
898 631 1145 719 μεταβαλόντας

74 738 203 829 338άμα
225 743 271 832 τῷ
290 738 382 831 τύπω
406 737 556 825 τούνομα
575 743 749 826 Σαβίνους
767 740 801 820 ἐξ
815 735 1002 828 Ὀμβρικῶν
1020 758 1145 827 προσα-

130 850 349 934 γορευθῆναι.
399 845 522 915 Κάτων
556 844 594 913 δέ
617 844 766 933 Πόρκιος
797 845 835 915 τὸ
868 845 930 934 μὲν
963 845 1071 934 ὄνομα
1098 850 1144 940 τῷ

130 957 294 1039 Σαβίνων
314 957 407 1020 ἐθνει
429 955 576 1039 τεθῆναί
591 971 697 1039 φησιν
717 952 770 1021 ἐπὶ
788 951 909 1040 Σάβου
931 957 993 1022 τού
1007 951 1146 1041 Σάγκον

131 1062 293 1146 δαίμονος
312 1061 505 1146 ἐπιχωρίου,
523 1063 646 1128 τοῦτον
666 1061 704 1127 δὲ
721 1058 782 1129 τὸν
799 1060 938 1148 Σάγκον
955 1057 1021 1130 ὑπό
1040 1087 1145 1131 τινων

130 1172 264 1236 πίστιον
295 1174 473 1235 καλεῖσθαι
507 1172 584 1234 Δία.
635 1166 772 1255 πρώτην
804 1166 837 1235 δ’
867 1165 980 1238 αὐτῶν
1012 1175 1145 1254 οίκησιυ

76 1271 318 1360 σινάποφαίνει
336 1275 498 1360 γενέσθαι
516 1271 633 1361 κύμην
652 1272 729 1344 τινὰ
746 1277 961 1362 καλουμένην
984 1276 1146 1364 Τεστροῦ-

132 1407 198 1450 ναν
221 1377 327 1468 άχχού
349 1379 479 1460 πόλεως
498 1378 691 1470 Ἀμιτέρνης
717 1383 891 1469 κειμένην,
921 1383 954 1463 ἐξ
981 1372 1021 1469 ἧς
1044 1378 1146 1469 ὁρμη-
1161 1407 1187 1448 ιο

130 1488 257 1566 θέντας
287 1487 361 1558 τότε
378 1492 566 1574 ,Σαβίνους
602 1493 650 1568 είς
689 1486 752 1575 τὴν
779 1486 952 1576 Ῥεατίνην
990 1491 1147 1575 ἐμβαλεῖν

128 1591 350 1680 Ἀβοριγίνων
373 1592 441 1682 ἅμα
457 1597 688 1682 <Πελασνοίς>
701 1594 950 1666 κατοικούντων
973 1594 1029 1662 καὶ
1047 1593 1147 1662 πόλιν

132 1698 245 1770 αύτιόν
267 1698 331 1787 τὴν
354 1699 621 1788 ἐπιφανεστάτην
640 1707 809 1782 Κοτυλίας
831 1703 965 1791 πολέμῳ
988 1719 1147 1789 χειρωσα-

1163 815 1185 879 2

1172 901 1185 943 ⁵

132 1809 257 1895 μένους
280 1821 465 1894 κατασχεῖν.
507 1809 543 1876 ἐκ
567 1807 605 1876 δὲ
627 1811 686 1896 τῆς
702 1805 871 1895 Ῥεατίνης
891 1805 1045 1886 άποικίας
1065 1804 1147 1896 άπο-
1166 1805 1187 1870 3

17 1976 22 1984 .
134 1919 327 1994 στείλαντας
357 1912 460 1994 άλλας
486 1941 522 1984 τε
553 1913 683 1994 πόλεις’
702 1919 811 1984 κτίσαι
846 1912 989 1999 πολλάς,
1021 1913 1059 1980 ἐν
1096 1908 1148 1991 αἷς
1163 1936 1188 1979 ιι

134 2025 239 2090 οίκείν
272 2017 484 2107 άτειχίστοις,
516 2021 572 2088 καί
607 2019 649 2108 δὴ
681 2021 737 2089 καὶ
769 2018 827 2101 τάς
858 2019 1148 2110 προσαγορευομέ-

134 2153 195 2206 νας
219 2125 356 2215 Κύρεις·
388 2125 502 2214 χάραν
532 2126 570 2195 δὲ
596 2142 775 2215 κατασχεῖν
803 2131 862 2215 τῆς
889 2126 951 2215 μὲν
972 2124 1149 2215 Ἀδριανῆς

133 2233 303 2320 θαλάττης
325 2231 515 2320 ἀπέχουσαν
539 2232 624 2321 ἀμφὶ
652 2232 731 2315 τούς
759 2231 969 2321 ὀγδοήκοντα
996 2234 1053 2302 καὶ
1077 2236 1149 2300 δια-

133 2347 272 2420 κοσίους
304 2341 478 2426 σταδίους,
508 2344 567 2427 τῆς
600 2339 638 2408 δέ
669 2344 880 2429 Τυρρηνικῆς
906 2339 1149 2428 τετταράκοντα

134 2446 218 2534 πρὸς
246 2451 444 2526 διακοσίοις·
472 2452 578 2534 μῆκος
605 2446 643 2515 δέ
670 2445 773 2534 αὐτῆς
800 2444 902 2516 είναί
916 2466 1021 2535 φησιν
1046 2443 1147 2536 ὀλίγην
1163 2467 1190 2510 νο

135 2568 232 2643 μείου
255 2558 402 2624 σταδίων
421 2559 548 2642 χιλίων.
576 2559 644 2624 ἐστι
665 2556 705 2623 δέ
720 2581 770 2634 τις
788 2554 844 2623 καὶ
858 2553 960 2634 άλλος
977 2551 1148 2658 ύπλρμῶν
1167 2550 1190 2614 4

135 2665 299 2746 Σαβίνων
322 2664 359 2730 ἐν
378 2664 540 2750 ίστορίαις
563 2663 752 2750 ἐπιχωρίοις
775 2661 954 2749 λεγόμενος
975 2660 1085 2750 λόγος,
1105 2657 1151 2740 άς

136 2766 416 2855 Λακεδαιμονίων
440 2767 690 2854 ἐποικησάντων
715 2766 830 2847 αὐτοῖς
852 2765 931 2836 καθ’
958 2763 999 2836 δν
1023 2766 1150 2855 χρόνον

136 2873 364 2962 ἐπιτροπεύων
400 2873 562 2962 Εὔνομον
602 2874 663 2944 τὸν
704 2873 916 2963 άδελφιδούν
954 2878 1151 2961 Λυκοῦργος

136 3054 204 3097 νους
231 3041 333 3104 μοῖραν
357 3031 431 3088 εἶναι
455 3029 625 3104 ἀποφαίνων
648 3035 698 3090 τού
723 3051 745 3090 ο.
765 3009 934 3102 Αωυνοεολι,
958 3027 1080 3095 παλαιὸς
1104 3031 1151 3087 vel

136 3104 222 3176 λόγου
242 3101 321 3172 άξιος
340 3123 362 3160 ο.
381 3104 542 3176 Kiesslingl
564 3103 701 3179 δμβριιιού
722 3103 827 3168 ἔθνους
847 3100 1013 3174 αύθιχενείς
1033 3102 1055 3158 0
1080 3120 1150 3158 corr.

135 3178 240 3265 Rpiske
303 3183 319 3232 2
339 3173 632 3265 *ἐξελα<θ>ίνταςΒ
652 3175 881 3262 ἐξελαθέντηαςῇ
948 3182 964 3230 3
983 3172 1150 3300 <μετα>ἑδω

136 3253 238 3310 λοντας
257 3248 279 3302 Β
299 3248 518 3318 καταβανταςλ
589 3251 743 3322 6ααβίνοο
762 3268 813 3304 του
834 3265 941 3316 σαχιιου
961 3245 983 3301 Ο
1004 3262 1073 3300 corr.
1108 3245 1150 3314 yl-

136 3321 209 3389 burg
282 3325 299 3374 8
318 3321 428 3373 πίστιον
446 3319 469 3372 Β
488 3321 614 3375 πίστειον
632 3321 658 3374 Β,
682 3325 686 3389 Ι
710 3319 761 3374 καί
779 3321 829 3374 δία
848 3318 894 3372 Bb
922 3312 970 3371 διά
989 3318 1015 3370 R
1038 3317 1085 3370 δία
1105 3315 1151 3372 Ba

137 3384 373 3458 9τεστρύνανΑ
451 3396 483 3445 10
503 3385 701 3460 άμετέρνηςΔ
779 3397 812 3446 12
831 3383 934 3458 άμαΟ
960 3381 1022 3458 άμα
1040 3389 1151 3442 Πελασ-

135 3469 198 3532 χοῑς
220 3461 325 3516 Βείελεε
348 3455 438 3528 αὐτὴν
466 3478 488 3516 ο.
513 3461 656 3532 Kiessling
729 3469 761 3517 13
781 3457 903 3523 κοτύνας
927 3457 950 3512 0
979 3476 1048 3516 corr.
1068 3457 1151 3514 Gele-

137 3532 200 3588 niu·
274 3538 308 3586 10
326 3527 500 3602 άτειχίστονς
517 3534 540 3588 Β
559 3529 726 3604 ἀτειχίστοις
743 3535 769 3588 Β,
842 3537 876 3590 20
895 3528 1018 3602 αύτῆςΒ
1038 3524 1111 3602 αύτῂ
1126 3531 1152 3585 R
