2698 3982
551 261 718 314 -Α-
1100 256 1143 322 41

217 418 337 485 XXVI.
357 414 393 484 ‘O
416 417 454 486 δὲ
477 419 599 506 χρόνος
621 421 659 488 ἐν
682 410 709 510 ᾧ
731 416 770 488 τὸ
789 415 1001 505 Πελασγικὸν
1025 419 1145 486 κακοῦ-

129 531 213 590 σθαι
236 519 371 611 ήρξατο,
396 528 535 612 δευτέρα
559 523 657 612 γενεά
681 522 803 611 σχεδὸν
817 523 882 614 πρὸ
897 527 966 592 τῶν
986 525 1148 612 Τρωικόν

76 638 110 686 69
130 630 275 715 ἐγένετο·
300 632 440 700 διέτεινε
464 631 502 700 δέ
524 633 580 700 καί
603 629 684 720 μετά
706 629 746 700 τά
765 629 907 718 Τρωικά,
932 633 993 710 ἕως
1007 634 1054 709 εἰς
1072 625 1145 698 ἐλά-

130 755 245 821 χιστον
270 737 457 825 συνεστάλη
484 736 523 808 τὸ
547 743 658 819 ἔθνος.
704 741 765 820 ἐξω
793 735 857 826 γάρ
881 735 1065 826 Κρότωνος
1086 737 1145 820 τῆς

130 843 167 909 ἐν
194 839 383 931 Ὀμβρικοῖς
409 844 540 926 πόλεως
569 843 764 932 ἀξιολόγου,
782 846 850 914 ’καὶ
878 849 910 914 εἰ
932 835 974 930 δή
1002 870 1034 912 τι
1062 839 1177 910 ἄλλοι

131 949 167 1015 ἐν
198 952 238 1037 τῇ
259 947 479 1038 Ἀβοριγίνων
508 951 662 1020 οἰκισθὲν
689 951 863 1039 ἐτύγχανε,
890 949 930 1020 τά
954 945 1053 1018 λοιπά
1076 949 1146 1016 τῶν

131 1061 318 1142 Πελασγῶν
347 1056 517 1146 διεφθάρη
544 1063 739 1146 πολίσματα.
786 1055 806 1145 ή
835 1057 873 1126 δὲ
896 1055 1039 1144 Κρότων
1069 1051 1146 1140 ἄχρι

130 1166 258 1230 πολλοῦ
291 1163 524 1250 διαφυλάξασα
556 1163 593 1234 τό
626 1163 771 1234 παλαιὸν
803 1167 912 1252 σχήμα
945 1161 1068 1252 χρόνος
1105 1155 1147 1226 θῦ

129 1267 233 1349 πολὺς
266 1272 299 1352 ἐξ
332 1261 373 1339 οὗ
405 1271 467 1358 τήν
499 1298 534 1340 τε
568 1269 756 1358 ὀνομασίαν
785 1272 841 1340 καί
868 1268 947 1350 τοὺς
971 1267 1148 1354 οἰκήτορας

130 1374 267 1462 ήλλαξε·
295 1378 351 1446 καί
374 1381 440 1448 νῦν
469 1381 539 1448 ἐστι
561 1376 736 1466 Ῥωμαίων
759 1376 912 1462 ἀποικία,
939 1383 1086 1446 καλεῖται
1110 1369 1148 1438 δέ
1162 1395 1192 1438 ιο

132 1489 329 1568 Κορθωνία.
366 1488 401 1554 οἰ
423 1484 461 1553 δὲ
484 1489 552 1554 τεόν
576 1484 781 1554 ἐκλιπόντων
799 1482 861 1571 τήν
885 1482 998 1571 χάραν
1018 1477 1191 1550 Κείου-2

131 1593 201 1675 γῶν
229 1591 451 1680 κατασχόντες
482 1590 541 1672 τάς
569 1591 683 1671 πόλεις
710 1589 806 1660 ἀλλοι
839 1617 874 1660 τε
902 1589 1020 1658 πολλοὶ
1049 1579 1148 1674 ήσαν,

91 1719 93 1726 “
133 1695 178 1775 ός
210 1697 347 1766 ἕκαστοί
374 1718 462 1768 τισιν
502 1703 621 1785 ἔτυχον
654 1695 881 1788 ὁμοτέρμονας
913 1694 971 1777 τάς
1004 1692 1149 1780 οίκήσεις

132 1809 274 1890 ἔχοντες,
297 1805 353 1872 καὶ
376 1807 507 1885 ἐντοῖς
530 1803 672 1892 μάλιστα
695 1811 851 1884 πλείστας
872 1830 908 1874 τε
930 1803 986 1871 καί
1011 1801 1149 1887 ἀρίστας

136 1917 313 2000 Τυρρηνοί.
355 1911 434 1993 τοὺς
471 1911 508 1980 δὲ
543 1909 739 2002 Τυρρηνοὺς
772 1915 807 1980 οί
841 1910 903 1998 μὲν
936 1908 1148 1996 αὐτόχθονας
1162 1935 1193 1979 τε

128 2015 271 2098 Ἰταλίας
293 2017 555 2106 ἀποφαίνουσιν,
580 2023 615 2088 οί
636 2019 673 2088 δέ
692 2018 877 2106 ἐπήλυδας·
901 2017 957 2084 καί
979 2013 1041 2102 τήν
1066 2013 1148 2080 ἐπω

131 2129 257 2211 υνμίαν
289 2121 404 2206 αὐτοῖς
439 2125 565 2213 ταύτην
598 2129 634 2194 οἰ
663 2125 725 2214 μὲν
762 2122 942 2210 αὐθιγενὲς
973 2120 1011 2190 τὸ
1045 2125 1149 2196 ἔθνος

130 2234 308 2312 ποιοάντες
328 2222 384 2300 Ιἐπὶ
406 2237 475 2302 τόν
499 2232 691 2323 ἐρυμάτων,
710 2228 731 2298 ἀ
754 2234 881 2320 πρῶτοι
904 2233 972 2308 τόν
995 2230 1075 2318 τῇδε
1101 2227 1148 2292 οἰ-

24 2421 26 2426 ,
130 2336 285 2406 κοάντων
322 2337 624 2424 κατεσκευάσαντο,
652 2341 794 2424 τεθήναι
825 2339 979 2424 λέγουσι·
1015 2333 1149 2421 τύρσεις
1175 2415 1177 2420 Ι

78 2467 112 2516 70
131 2441 195 2532 γάρ
228 2443 284 2512 καί
311 2441 401 2533 παρά
433 2451 622 2532 Τυρρηνοῖς
650 2449 688 2512 αί
718 2447 872 2531 ἐντείχιοι
904 2444 960 2512 καί
991 2436 1148 2527 στεγαναὶ
1163 2469 1194 2510 το

131 2549 278 2636 οἰκήσεις
305 2547 528 2638 ὀνομάζονται
556 2549 667 2640 ὥσπερ
698 2549 779 2637 παρ’
796 2548 966 2636 Ἕλλησιν.
1012 2546 1076 2616 ἀπὸ
1106 2542 1149 2630 δή

130 2661 192 2726 τοῦ
225 2657 476 2745 συμβεβηκότος
506 2654 621 2738 αὐτοῖς
650 2654 781 2738 ἀξιοῦσι
812 2660 956 2744 τεθῆναι
988 2653 1150 2739 τοῦνομα,

131 2760 238 2848 ὥςπερ
266 2763 322 2832 καί
348 2777 419 2842 τοῖς
452 2765 488 2832 ἐν
516 2763 608 2852 Ἀσία
634 2768 883 2842 Μοσυνοίκοις·
923 2765 1053 2832 οἰκοῦσι
1087 2757 1149 2846 μὲν

129 2868 194 2957 γάρ
219 2867 261 2956 δή
284 2867 433 2938 κάκεῖνοι
461 2871 513 2938 ἐπὶ
544 2873 691 2951 ξυλίνοις
722 2866 876 2958 ὡσπερὰν
899 2869 1041 2956 πύργοις
1063 2863 1149 2952 ὑψη-

129 2983 203 3055 λοῖς
226 2974 454 3063 σταυρώμασι,
477 2975 630 3064 μόσυνας
653 2973 737 3044 αὐτὰ
759 2979 949 3066 καλοῦντες.
1165 2999 1193 3041 τε

203 3115 361 3186 θδεατέρα
385 3117 471 3186 γενεά
497 3118 520 3172 Β
552 3116 672 3186 δευτέρα
695 3113 782 3186 γενεά
809 3118 894 3188 vulgo
923 3120 953 3172 ολ
976 3114 1065 3171 Cobet
1083 3113 1149 3168 Oba.

129 3207 157 3258 p.
177 3195 212 3243 26
268 3185 331 3242 θδλ
351 3189 438 3242 καλΒ
457 3186 489 3243 δὲ
511 3184 612 3258 σχεδόν
631 3183 791 3257 καίΑΙτά
810 3205 864 3242 om.
884 3188 983 3243 ΔωΒο.
1037 3179 1151 3252 ὃέτάγ-

129 3279 218 3328 χανεν
243 3257 264 3312 Β
337 3250 439 3314 θοῦτε
468 3255 521 3328 τήν
549 3279 578 3313 τε
603 3259 652 3313 Ab
725 3266 759 3314 10
778 3263 905 3314 καλεῖται
924 3257 956 3314 δέ
975 3259 1001 3312 R
1023 3261 1151 3312 καλεῖται

130 3329 176 3384 Ba
194 3324 212 3398 ἣ
233 3333 362 3384 καλεῖται
380 3331 428 3384 Bb
484 3338 516 3384 11
537 3331 675 3398 Κορτάνα
698 3347 720 3384 ο.
741 3329 874 3386 Cluverus
893 3331 955 3385 Ital.
976 3333 1033 3386 ant.
1053 3346 1080 3398 p.
1097 3331 1151 3380 ⁶74

168 3407 201 3455 18
222 3396 269 3455 ἐπί
288 3400 311 3453 Β
328 3395 386 3454 ἀπὸ
406 3403 432 3454 R
505 3407 537 3455 19
561 3396 819 3455 κατεσκεόασανΒ
900 3407 935 3456 20
960 3395 1108 3470 ἐντείχειοι
1125 3397 1151 3450 A

131 3477 164 3526 21
194 3465 252 3525 ἀπὸ
286 3467 322 3540 δή
357 3471 433 3525 AbB
471 3467 529 3526 ἀπὸ
558 3475 606 3526 Aa
697 3477 730 3524 23
763 3467 830 3533 τοίς
855 3503 889 3512 -
914 3475 1099 3542 μοσυυοίκονς
1126 3468 1152 3520 Α

168 3549 202 3596 24
223 3535 318 3610 ὥσπερ
337 3535 373 3596 ἀν
394 3542 417 3597 Ο
490 3549 524 3597 25
543 3537 725 3612 μόσσυναςΒ
750 3546 754 3611 Ι
779 3537 870 3605 αότάς
889 3542 911 3597 0
