2698 3982
538 232 770 304 'pennensis
1142 245 1167 301 v

146 430 223 474 eum
252 406 498 496 Schenkelio¹)‚
531 409 586 493 qui
617 411 652 474 in
679 409 837 476 librorum
865 409 975 475 enneli
1002 409 1164 476 breviario

147 513 304 580 Bursiani
327 539 359 601 p.
377 515 420 580 32
445 515 540 581 dicit:
573 515 619 582 ns
646 517 691 581 ist
719 517 789 582 also
814 516 865 582 die
888 537 991 602 ganne
1014 515 1078 581 Art
1101 517 1167 582 und

30 663 35 667 -
147 621 273 704 Weiss,
305 623 366 688 wie
398 619 567 687 Meutzner
594 622 646 687 die
675 621 780 708 Frage
807 623 962 708 engreift‚
995 623 1088 688 nicht
1116 623 1166 688 die

147 728 298 814 riehffige,
321 728 387 794 und
410 751 498 793 zwsr
522 751 576 794 um
600 751 636 796 so
659 729 761 814 mehr,
786 729 834 795 als
853 751 888 794 er
907 729 1002 794 dabei
1020 728 1165 794 Ritsshls

146 835 380 921 Abhendlung‚
399 857 465 900 was
482 857 517 900 er
531 833 612 900 doch
625 835 709 901 thun
723 840 854 916 musste,
874 835 967 904 nicht
981 859 1021 901 zu
1034 834 1165 901 Grunde

146 941 260 1027 gelegt
286 941 356 1008 het.
402 940 505 1026 Spero
534 963 586 1006 ms
616 941 742 1026 quidem
772 942 836 1008 elio
864 945 1012 1028 tempore
1036 941 1165 1027 alioque

146 1046 222 1113 loco
251 1048 290 1112 de
313 1049 460 1114 codicum
486 1046 762 1132 Dionysianorum
787 1049 914 1114 ratione
937 1049 1010 1135 plus
1036 1047 1165 1114 melius-

147 1174 210 1236 que
236 1175 307 1218 esse
330 1155 549 1239 prolaturum,
571 1176 657 1220 nune
680 1176 756 1220 vero
780 1153 813 1220 in
836 1177 874 1221 es
897 1154 1060 1222 sententia
1084 1176 1165 1238 sum,

146 1281 246 1344 quem
265 1259 464 1326 Ritsnhelius
475 1257 501 1348 ²)
526 1265 559 1326 et
582 1258 760 1346 Sintenis³)
783 1259 964 1327 firmarunt
1001 1261 1056 1326 Illi
1080 1261 1165 1326 enim

146 1367 368 1450 promiscuam
397 1389 467 1432 esse
490 1367 648 1433 virtutem
676 1366 825 1434 Ohisieni
854 1373 888 1433 et
914 1367 1084 1434 Urbinstis
1113 1389 1165 1432 co·

148 1473 256 1538 dicum
284 1479 317 1540 et
345 1497 385 1540 ex
408 1474 582 1541 coniuncto
610 1475 779 1560 utriusque
808 1475 886 1540 libri
915 1497 976 1540 usu
1006 1476 1101 1540 nauto
1132 1476 1165 1538 et

146 1578 234 1644 iusto
278 1578 419 1665 quodem
465 1579 559 1664 qnasi
602 1585 861 1666 temperamento
902 1580 1055 1646 instituto
1095 1601 1165 1644 rem

147 1683 307 1771 agendam
335 1707 406 1752 esse
433 1685 669 1754 intellexerunt.
720 1686 813 1764 Quod
841 1685 994 1752 iudicium
1021 1688 1059 1750 ut
1085 1685 1165 1750 olim

146 1791 183 1855 in
206 1790 499 1858 Observationibus
528 1793 610 1857 meis
638 1793 760 1858 criticis
788 1793 823 1857 in
850 1791 988 1878 Dionysi
1015 1791 1164 1857 Halicar-

14 1913 15 1918 ’
147 1899 297 1964 nasensis
339 1898 551 1982 antiquitates
593 1921 745 1964 romanas
778 1899 879 1984 (Aeta
911 1898 1020 1963 societ.
1052 1899 1165 1983 philol.

14 2056 34 2104 .·
147 2001 328 2088 Lipsiensis
351 2003 400 2070 ed.
423 2002 512 2069 Frid.
536 2003 736 2070 Ritsehelius
763 2008 843 2070 tom.
866 2003 891 2069 Ι.
914 2026 945 2087 p.
963 2004 1164 2089 287—344),

14 2123 16 2162 ἒ
147 2110 183 2176 in
210 2109 383 2195 Philologo
412 2113 491 2175 tom.
518 2128 630 2176 xxm
656 2132 687 2195 p.
713 2109 777 2176 152
809 2109 946 2194 aliisque
978 2110 1058 2176 loeis
1092 2131 1162 2175 sum

147 2221 290 2298 secutus,
332 2217 381 2281 its
416 2215 512 2281 hodie
545 2217 667 2303 probo,
707 2239 811 2303 neque
844 2215 1072 2300 senoniense,
1108 2215 1164 2300 qni

147 2345 251 2408 nuper
274 2323 312 2387 de
335 2322 462 2388 ratione
486 2323 632 2388 codicum
655 2325 803 2409 quamvis
826 2325 939 2410 paucis
958 2322 1066 2388 verbis
1087 2323 1163 2408 egit,

148 2429 245 2494 aliter
269 2427 376 2494 sentit.

214 2534 262 2599 Ut
288 2538 397 2600 entem
423 2534 499 2600 illos
531 2535 634 2601 libros
664 2537 846 2622 suppleam,
879 2559 960 2621 quos
988 2537 1023 2601 in
1050 2535 1162 2601 Philo-

14 2637 16 2692 ἴ
146 2643 224 2726 logo
247 2641 409 2727 recensui,
430 2641 493 2708 hoc
516 2642 588 2707 loeo
610 2643 743 2708 nomine
767 2643 897 2728 quidem
919 2643 1086 2727 proferam
1109 2665 1161 2708 eo-

14 2792 27 2842 t*
147 2769 234 2831 rum,
267 2747 322 2833 qui
351 2768 391 2812 ex
421 2767 507 2812 enno
540 2747 626 2812 1876
658 2769 759 2832 usque
788 2747 829 2814 ad
856 2748 943 2814 hunc
971 2747 1054 2813 diem
1086 2755 1163 2814 sunt

14 2845 17 2912 i
148 2853 243 2918 editi:
278 2912 283 2918 .

147 2996 362 3007 ———-

219 3065 246 3132 1)
265 3063 476 3118 Jahresberioht
489 3063 558 3118 fiber
571 3063 618 3120 die
632 3065 764 3134 npttsren
778 3063 972 3134 griechischen
982 3063 1162 3119 Gesehinhts·

14 3179 17 3192 ι
147 3151 290 3208 schreiber
310 3157 497 3208 1873-1884
522 3151 780 3222 (Separntsbdruek
802 3169 852 3210 ans
872 3154 936 3209 dem
953 3151 1163 3208 Jehresberieht

146 3241 217 3296 iiber
236 3239 280 3294 die
299 3239 484 3296 Fortsehritte
503 3241 553 3296 der
572 3241 653 3297 class.
672 3240 1060 3311 Alterthumswissensoheft).

218 3331 245 3396 2)
266 3327 310 3383 Fr.
329 3327 501 3384 Ritsehelius
520 3329 556 3386 de
575 3329 671 3386 codiee
686 3329 822 3385 Urbinete
840 3328 968 3400 Dionysii
986 3329 1049 3385 Hel.
1068 3329 1163 3402 dispu-

14 3409 16 3436 ⁸
145 3417 219 3472 tatio
236 3439 270 3462 =
287 3415 387 3487 Opuse.
406 3415 476 3486 phil.
496 3421 565 3472 tom.
584 3419 597 3472 Ι
615 3436 642 3488 p.
659 3423 711 3472 516
721 3433 779 3486 seq.

219 3507 249 3574 3)
269 3505 298 3562 0.
319 3505 441 3560 Sintenis
460 3506 577 3560 Emend.
598 3505 758 3577 Dionysiae.
779 3507 893 3576 specim.
912 3507 938 3560 II
957 3525 983 3578 p.
1001 3514 1082 3576 lseq.
