2670 3984
513 167 516 172 .
632 209 800 262 *Α-

75 395 80 407 ·
209 367 332 449 αὐτοὺς
358 367 417 438 ὑπ’
444 373 586 438 Αίνείου
613 372 749 459 Λατίνῳ
777 372 822 460 τῷ
851 373 984 455 βασιλεῖ
1008 371 1077 436 τῶν
1097 365 1227 459 Ἀβορι-

99 501 102 506 ·
208 483 316 564 γίυωυ
332 474 593 566 ὁμηρεύσοντας,
613 473 668 545 ὅτε
686 476 794 544 καλαί
810 481 937 556 πίστεις
950 490 1021 555 τοῖς
1035 477 1228 562 ἐπιχωρίοις

209 582 293 672 πρὸς
310 582 389 665 τοὺς
409 582 577 670 ἐπήλυδας
596 584 762 669 ἐγένοντο.
798 580 1030 670 ἀσπαζόμενον
1046 581 1084 650 δέ
1102 580 1228 662 αὐτοὺς

208 698 360 760 Λατῖνον
388 695 428 780 τῇ
456 718 491 760 τε
518 689 603 779 άλλη
635 695 801 778 θεραπεία
827 691 996 777 περιέπειν
1025 682 1063 757 εύ
1090 691 1147 758 καὶ
1174 692 1226 758 ἐκ-
1318 715 1319 746 ι

168 825 181 864 ε
208 798 317 886 γόνου
346 797 488 887 άρρευος
515 795 644 866 άπαιδα
665 798 872 866 τελευτῶντα
899 795 1080 882 διαδόχους
1103 799 1228 884 μέρους

174 903 301 985 3τιυὸς
323 908 383 992 τῆς
406 906 529 973 ἐαυτοῦ
552 901 658 991 ἀρχῆς
679 910 883 971 καταλιπεῖν.
928 901 1024 970 ἄλλοι
1049 902 1086 970 δέ
1109 905 1227 989 λέγον·
1319 945 1320 950 1

207 1032 264 1080 σιν
285 1015 427 1080 Αίνείου
444 1009 705 1097 τελευτήσαντος
722 1007 900 1078 Ἀσκάυιον
919 1007 1052 1078 ἅπασαν
1075 1007 1137 1096 τὴν
1156 1016 1226 1076 Λα-

207 1125 311 1187 τίνων
335 1115 443 1206 άρχὴυ
461 1115 702 1206 παραλαβόντα
721 1122 903 1203 νείμασθαι
921 1114 1005 1205 πρὸς
1027 1114 1107 1196 τοὺς
1129 1113 1226 1185 άδελ-

210 1223 298 1312 φούς
315 1222 487 1311 Ῥωμύλον
510 1249 545 1291 τε
567 1223 624 1290 καί
642 1220 773 1309 Ῥῶμον
794 1221 857 1309 τήν
884 1249 920 1290 τε
947 1221 1061 1312 χώραν
1083 1225 1140 1291 καὶ
1162 1221 1226 1310 τὴν

169 1358 195 1396 10
210 1330 358 1419 δύναμιν
386 1329 448 1418 τὴν
476 1334 635 1399 Λατίνων
661 1333 771 1418 τριχῇ·
808 1327 912 1398 αὐτὸν
943 1330 1005 1418 μὲν
1033 1327 1075 1416 δὴ
1098 1329 1161 1417 τήν
1184 1357 1220 1399 τε
1229 1356 1280 1406 185
1321 1378 1322 1452 χ

197 1437 327 1524 ’Ἀλβαν
354 1443 463 1506 κτίσαι
495 1436 551 1503 καὶ
579 1433 653 1504 ἄλλ’
675 1433 764 1504 ,άττα
791 1441 992 1523 πολίσματα·
1028 1434 1159 1525 Ῥῶμον
1187 1437 1225 1505 δὲ
1321 1469 1322 1524 ᾗ

207 1543 353 1630 Καπύην
383 1543 445 1630 μὲν
472 1540 537 1610 άπὸ
569 1545 631 1610 τοῦ
657 1541 861 1629 προπάππου
888 1541 1042 1628 Κάπυος,
1067 1541 1223 1631 Ἀγχίσην

208 1651 245 1718 δέ
277 1648 342 1718 άπδ
374 1653 436 1718 τού
467 1647 680 1737 προπάτορος
714 1645 884 1736 Ἀγχίσου,
917 1654 1059 1718 Αίυείαν
1092 1650 1131 1718 δὲ
1162 1649 1224 1737 τὴν

206 1755 349 1843 ὕστερον
373 1765 559 1844 κληθεῖσαν
579 1754 746 1824 Ἰάνικλον
769 1753 835 1824 άπὸ
857 1760 919 1826 τοῦ
939 1755 1075 1845 πατρός,
1093 1754 1224 1845 Ῥώμην

169 1889 195 1929 ιι
211 1865 248 1933 δὲ
270 1863 329 1952 ἀφ’
356 1865 494 1949 ἑαυτοῦ,
520 1862 645 1950 ταύτην
676 1861 713 1932 δέ
741 1861 886 1950 χρόνους
916 1861 1012 1944 τινάς
1039 1865 1224 1950 ἐρημωθεῖ-
1322 1899 1323 1930 ;

208 1991 271 2039 σαν
305 1970 417 2058 έτέρας
449 1959 552 2048 αὖθις
589 1968 757 2056 ἐλθούσης
789 1966 956 2054 άποικίας,
993 1965 1037 2056 ἣν
1067 1967 1224 2056 Ἀλβανολ

208 2085 359 2146 ἔστειλαν
378 2075 572 2163 ἡγουμένου
581 2072 755 2162 Ῥωμύλου
772 2073 980 2162 καὶῬάμου,
998 2073 1060 2162 τὴν
1079 2073 1224 2166 άρχαίαυ

205 2190 315 2254 κτίσιν
344 2181 540 2269 ἀπολαβεῖν·
574 2179 659 2250 ὥστε
687 2179 798 2261 διττάς
826 2179 913 2250 είυαι
940 2186 999 2268 τῆς
1016 2178 1144 2270 Ῥώμης
1165 2181 1226 2264 τάς

205 2297 341 2370 κτίσεις·
368 2286 431 2376 τὴν
455 2288 517 2376 μὲν
542 2286 658 2374 ὀλίγον
681 2285 824 2376 ὕστερον
847 2291 916 2356 τεόν
944 2291 1104 2376 Τρωικῶν
1127 2317 1224 2376 γενο-

167 2419 194 2459 ιο
208 2398 330 2484 μεύην,
357 2393 420 2482 τὴν
448 2394 485 2463 δὲ
512 2397 748 2463 πεντεκαίδεκα
775 2409 906 2482 γενεαῖς
932 2392 1142 2485 ὑστεροῦσαν
1165 2402 1225 2485 τῆς

174 2504 380 2592 4προτέρας.
427 2507 458 2571 εί
485 2504 525 2570 δέ
549 2529 599 2581 τις
626 2499 759 2571 άπιδεῖν
792 2501 993 2590 βουλήσεται
1024 2502 1065 2572 τά
1092 2523 1225 2590 προσω-

131 2613 137 2625 ’
205 2610 290 2695 τέρω
322 2609 378 2676 καὶ
410 2613 504 2696 τρίτη
538 2634 588 2688 τις
615 2605 814 2697 ἀρχαιοτέρα
840 2608 971 2678 τούτων
1004 2606 1226 2698 εὑρεθήσεται

203 2712 312 2800 Ῥάμη
340 2716 506 2802 γενομένη
535 2716 616 2803 πρὶν
640 2720 782 2784 Αίνείαν
809 2716 865 2783 καὶ
892 2720 1009 2801 Τρῶας
1036 2719 1151 2786 ἐλθεῖν
1175 2723 1226 2799 είς

204 2819 357 2890 Ἰταλίαν.
388 2825 492 2889 ταῦτα
516 2821 554 2890 δέ
574 2820 615 2890 ού
633 2827 702 2891 τῶν
722 2821 948 2909 ἐπιτυχόντων
968 2849 1018 2903 τις
1037 2821 1117 2891 ούδδ
1132 2826 1225 2893 νέων

166 2950 192 2992 ιε
207 2924 420 3016 συγγραφεύς
442 2927 629 3016 ίστόρηκευ,
647 2926 720 2997 ἀλλ’
743 2927 911 3015 Ἀυτίοχος
934 2925 952 2996 ὁ
972 2930 1221 3018 Συρακούσιος,
1228 2965 1281 3016 186

277 3124 403 3178 2καλΒ
427 3125 525 3180 om.R
615 3122 798 3192 4περιέπειν
821 3141 875 3178 om.
899 3125 922 3178 Β
948 3126 952 3192 Ι
977 3123 1068 3178 καλΒ
1096 3142 1151 3182 om.
1170 3127 1196 3180 R
1218 3127 1222 3198 λ

206 3190 362 3264 ἐγγόνουΒ
436 3197 590 3250 ’ἐλατίνων
609 3213 663 3250 om.
678 3197 703 3249 A
776 3200 810 3250 10
829 3190 881 3264 τὴν
901 3196 1059 3250 λατίνωνΒ
1084 3196 1141 3250 τῶν
1159 3201 1183 3250 λ.
1197 3197 1226 3252 R

243 3272 273 3320 11
295 3261 418 3320 άλλαττα
437 3265 485 3320 Ab
513 3261 620 3320 άλλατα
639 3267 687 3320 Aa
714 3261 786 3320 άλλα
804 3260 876 3321 άττα
895 3267 917 3320 Β
934 3269 938 3334 Ι
959 3262 1074 3336 καπύην
1093 3265 1147 3337 μὲν
1167 3263 1224 3338 ὦῶ-

206 3357 259 3406 μον
278 3337 301 3390 Β
376 3342 409 3390 15
429 3332 457 3390 δ’
479 3332 527 3406 ἐφ’
549 3337 593 3392 Ba
609 3339 613 3405 Ι
630 3338 695 3406 μυεῖ
714 3331 818 3392 ἑαυτοῦ
837 3338 970 3393 lacunam
988 3338 1090 3394 statuit
1108 3337 1164 3394 Sau
1207 3358 1225 3396 ο

205 3408 277 3476 Eph.
296 3405 372 3462 σοιι.
395 3412 461 3462 1861
481 3426 509 3476 p.
529 3413 598 3462 1863
674 3413 707 3463 18
727 3409 777 3476 τῆς
796 3405 890 3480 λίνω
908 3426 962 3465 om.
982 3409 1027 3462 Βι
1100 3416 1134 3464 ιε
1170 3431 1225 3465 αι-

204 3498 282 3540 τικος
301 3480 326 3532 Α
347 3473 523 3540 ἐ..άυτικδς
542 3479 586 3533 Ba
605 3473 720 3542 άντικδς
737 3479 784 3534 Bb
