2698 3982
565 216 730 274 -A-
1113 227 1156 294 νο

133 391 273 473 ἔγγιστα
295 390 354 475 τῆς
375 383 515 466 Ἰταλίας
538 383 693 468 ἅψασθαι
717 392 865 474 χωρίων·
887 385 953 458 ὑπὸ
979 388 1016 457 δὲ
1038 385 1161 460 νοτίουΙ

138 491 329 580 πνεύματος
350 494 407 561 καὶ
429 490 571 578 άγνοίας
592 497 662 562 τῶν
684 492 798 562 τόπων
826 495 1063 585 μετεωρότεροι
1086 499 1155 565 ἑνε-

137 601 277 686 χθέντες
298 600 355 667 καὶ
376 597 462 688 πρὸς
476 601 527 668 ἑνὶ
550 602 620 668 τῶν
641 603 702 670 τοῦ
716 600 839 668 Πάδου
863 601 1038 690 στομάτων
1061 600 1154 691 ὁρμι-

138 704 280 792 σάμενοι
309 710 456 795 Σπινῆτι
484 708 683 799 καλουμένῳ
712 710 796 787 ναῦς
828 707 890 794 μὲν
918 707 1024 777 αὐτοῦ
1050 709 1155 798 ταότη

137 815 375 880 καταλείπουσι
406 810 545 880 καὶτὸν
568 809 689 898 ήκιστα
717 812 911 901 δυνάμενον
933 821 1182 903 ταλαιπωρεῑνσ

139 915 254 1005 όχλον,
269 917 426 1005 φυλακήν
446 915 493 986 ἐπ’
509 915 627 997 αὐταῖς
642 918 915 1010 καταστήσαντες,
935 916 980 999 ὦς
998 925 1106 1006 ἔχοιεν
1126 926 1157 990 εί

137 1023 182 1112 μή
214 1029 408 1112 προχωροίη
441 1030 537 1110 σφίσι
568 1021 609 1092 τὰ
637 1023 815 1112 πράγματα
846 1025 1053 1113 καταφυγήν.
1097 1027 1194 1098 καὶ4

137 1134 173 1199 οί
194 1130 257 1218 μὲν
284 1127 527 1218 ὑπομείναντες
550 1133 586 1199 ἐν
614 1129 724 1223 τούτῳ
750 1133 797 1222 τῷ
824 1137 951 1224 χωρίῳ,
977 1147 1085 1220 τεῖχος
1108 1136 1154 1224 τῷ

82 1261 118 1312 49
138 1237 353 1329 στρατοπέδῳ
386 1235 645 1326 περιβαλόμενοι
672 1238 728 1306 καὶ
755 1253 828 1318 ταίς
854 1241 978 1308 ναυσὶν
1010 1243 1154 1326 είσκομί-

136 1363 255 1423 σαντες
280 1341 339 1424 τὰς
362 1349 409 1423 είς
434 1341 496 1412 τὸν
523 1348 602 1430 βίον
627 1341 799 1432 εὐπορίας,
823 1343 936 1432 ἐπειδὴ
958 1342 1041 1413 κατὰ
1068 1344 1154 1431 γντό-
1169 1368 1194 1408 ιο

136 1475 205 1538 μην
234 1449 343 1518 ἐδόκει
370 1465 493 1538 χωρεῖν
521 1448 636 1530 αὐτοῖς
663 1449 703 1520 τά
732 1451 923 1540 πράγματα,
946 1451 1046 1519 πόλιν
1071 1455 1153 1519 ἔκτι-

137 1575 202 1623 σαν
225 1553 408 1643 ὁμοόνυμον
431 1560 477 1649 τῷ
492 1555 631 1643 στόματι
652 1561 713 1625 τοῦ
726 1561 892 1645 ποταμοῦ·
915 1555 1105 1645 εὐτύχησάν
1119 1583 1154 1626 τε

136 1662 280 1750 μάλιστα
302 1666 372 1731 τῶν
395 1665 471 1752 περὶ
494 1661 555 1731 τὸν
576 1661 703 1732 Ἰόνιον
718 1663 904 1734 οἰκούντων
926 1672 1154 1751 θαλαττοκρα-

134 1773 274 1848 τοῦντες
303 1766 383 1858 ἄχρι
406 1772 549 1854 πολλοῦ,
577 1769 633 1837 καὶ
666 1769 805 1850 δεκάτας
831 1775 879 1850 είς
907 1769 1065 1858 Δελφοὺς
1096 1769 1155 1838 άν-

134 1878 222 1962 ήγον
248 1877 296 1966 τῷ
318 1878 389 1967 θεῷ
414 1876 495 1960 [καὶ]
518 1879 587 1944 τῶν
615 1873 681 1943 άπὸ
704 1879 763 1962 τῆς
780 1874 948 1962 θαλάττης
971 1873 1154 1961 ὠφελειῶν,
1168 1897 1194 1938 ιι

134 1990 228 2068 είπερ
256 1980 346 2060 τινες
367 1981 423 2048 καὶ
446 1979 542 2048 ἄλλοι
549 2032 558 2067 ,
588 1979 829 2070 λαμπροτάτας.
873 1979 1016 2067 ὕστερον
1039 1981 1194 2068 μίντοιῧ

135 2085 263 2174 μεγάλη
287 2087 372 2172 χειρὶ
399 2089 468 2155 τῶν
491 2085 769 2175 προσοικούντων
796 2085 978 2174 βαρβάρων
1002 2087 1152 2173 ἐπιστρα-

135 2190 329 2261 τευσάντων
362 2190 475 2272 αὐτοῖς
507 2195 659 2274 ἐξέλιπον
691 2191 753 2280 τήν
785 2191 904 2260 πόλιν·
938 2195 973 2261 οί
1004 2192 1041 2260 δὲ
1072 2192 1153 2280 adp-⁴

135 2305 235 2386 βαροι
259 2295 340 2386 μετὰ
363 2297 489 2386 χρόνον
511 2296 703 2385 ἀνέστησαν
727 2296 791 2367 ὑπὸ
810 2295 993 2386 Ῥωμαίων.
1032 2299 1089 2366 καὶ
1110 2296 1148 2366 τό

136 2405 197 2492 μὲν
221 2405 259 2472 ἐν
281 2407 327 2496 τῷ
342 2407 489 2491 Σπινῆτι
510 2404 738 2493 καταλειφθὲν
761 2407 860 2490 γένος
881 2408 949 2473 τῶν
967 2409 1153 2492 Πελασγῶν
1167 2427 1194 2468 20

137 2509 244 2590 οὕτως
267 2510 411 2597 ἐφθάρη.

224 2609 364 2676 XVIIII.
388 2612 432 2675 Οί
453 2607 491 2675 δὲ
506 2606 563 2676 διά
584 2613 644 2696 τῆς
661 2613 839 2697 μεσογείου
851 2606 1067 2695 τραπόμενοι,
1089 2607 1152 2696 τήν

137 2712 275 2804 ὀρεινήν
297 2717 357 2800 τής
377 2711 517 2794 Ἰταλίας
539 2711 852 2802 ὑπερβαλόντες,εί
820 2741 947 2802 εςτην
967 2711 1153 2802 Ὀμβρικῶν

208 2853 225 2900 3
248 2840 320 2915 πρός
342 2845 380 2918 τῷ
406 2840 449 2899 cvl
471 2846 495 2900 Β
541 2846 601 2902 rob.
621 2846 768 2902 Sohnfer
758 2865 789 2901 m
807 2846 889 2902 Dion.
908 2847 943 2902 do
966 2863 1057 2934 comp
1075 2847 1152 2903 verb

137 2937 165 2989 p.
185 2921 236 2972 1⁵15
309 2899 396 2978 4τάς
414 2935 486 2978 ναυς
504 2864 634 2971 Ιάίιττὶόία
652 2917 769 2972 Hermes
788 2917 859 3000 Xp.
878 2919 952 2986 4081
947 2913 1057 2986 Ιαότοό
1083 2914 1151 2972 ταό-

137 3009 171 3060 τη
191 2988 213 3042 Ο
242 2980 333 3049 αυτάς
359 2982 449 3056 ταότη
476 2987 580 3042 Reiske
608 2984 697 3042 νότου
722 2988 776 3043 del.
805 2989 927 3056 thsohl,
955 2989 1010 3042 def.
1038 2988 1154 3057 Madvig

137 3009 207 3114 Adv
227 3058 277 3127 Ip
280 3063 353 3112 ,722
426 3053 510 3112 δότ’
531 3053 633 3120 αόταις
651 3057 804 3144 MadvIgl.
822 3059 841 3113 I
864 3053 911 3114 ἐπ’
931 3053 1038 3120 αότους
1056 3059 1081 3111 A
1100 3054 1152 3112 αὖ·

138 3129 231 3184 τουΒ
322 3135 337 3182 λ
366 3133 435 3196 σφῖν
460 3130 483 3182 Β
573 3135 590 3184 9
617 3124 851 3216 περιβαλλόμενοι
876 3130 900 3182 Β
991 3135 1022 3184 11
1051 3135 1153 3198 χωρειν

139 3195 237 3261 αότοις
255 3197 278 3251 Β
298 3194 437 3269 αάτοιςχ.
456 3201 482 3254 R
556 3205 588 3254 12
608 3195 814 3270 εὐτυχήσαντες
837 3199 860 3255 Ο
894 3194 1100 3269 εὐτυχήσαντες
1118 3197 1152 3254 δὲ

138 3270 241 3325 Reiske
315 3277 348 3324 13
373 3265 641 3357 ἐθαλασσοκράτουν
668 3288 691 3326 ο.
715 3271 818 3326 Reiske
891 3277 925 3324 14
945 3269 995 3324 καὶ
1013 3270 1067 3324 del.
1086 3272 1153 3325 Am-

138 3341 248 3428 brosoh.
322 3347 354 3395 15
377 3335 468 3396 κάλ’
450 3336 508 3396 απὸ
532 3341 583 3410 τῆς
605 3341 652 3395 Ba
683 3336 768 3396 κάλ’
751 3338 807 3396 απὸ
826 3341 883 3395 τάν
901 3340 951 3410 τής
969 3343 994 3395 A
1021 3341 1070 3396 καί
1094 3361 1152 3396 των

137 3405 196 3466 άπὸ
215 3412 265 3480 τῆς
287 3411 345 3466 Bm
366 3429 422 3468 τοο.
450 3412 500 3468 καὶ
522 3413 576 3468 del.
601 3412 713 3481 Reiske,
736 3413 900 3480 Ambrosch‚
919 3411 1028 3482 Krflger
1117 3419 1152 3468 20

137 3483 193 3536 τῶν
215 3483 362 3552 πελαργῶν
385 3482 467 3552 γένος
489 3485 512 3538 Β
