2698 3982
566 219 732 273 -ε-
1115 223 1154 288 ιτ

143 377 221 447 οὔτε
248 380 360 465 φῦλον
378 375 575 466 Ἑλληνικόν
608 369 651 448 οῦ
683 393 851 468 μετείχον,
883 379 961 450 ούτε
993 381 1093 451 πόλιν
1123 385 1157 466 ἐξ

140 475 182 572 ἧς
203 481 448 573 ἀπανέστησαν,
472 483 548 554 οῦτε
571 484 697 574 χρόνον
720 485 799 556 οὔθ’
824 487 978 578 ἡγεμόνα
990 493 1049 578 της
1062 487 1155 560 ἀποι-

140 597 215 672 κίας
237 589 316 660 οὔθ’
343 589 474 674 ὁποίαις
494 591 610 680 τύχαις
637 593 841 682 χρησάμενοι
863 593 926 683 τὴν
950 595 1155 684 μητρόπολιν

140 694 320 767 ἀπέλιπον·
356 697 537 792 Ἑλληνικῷ
573 723 609 768 τε
645 699 746 792 μύθςο
787 701 993 790 χρησάμενοι
1030 699 1155 772 οῦδένα

138 808 206 873 τῦν
232 804 275 874 τὰ
293 802 469 893 Ἑλληνικὰ
496 805 701 894 γραψάντων
724 807 912 896 βεβαιωτῆν
938 811 1182 898 παρέσχοντοε

136 909 175 986 τὸ
200 911 263 998 μὲν
286 904 350 981 οῦν
364 909 490 1000 ἀληθὲς
512 911 603 993 ὅπως
615 912 685 983 ποτ’
702 919 777 1003 ἔχει,
800 913 942 1002 ἄδηλον·
965 919 997 984 εἰ
1019 913 1047 984 δ
1064 917 1155 985 ἐστὶν

137 1014 156 1085 δ
184 1015 316 1086 τούτων
347 1017 447 1105 λόγος
477 1016 590 1106 ὑγιής,
618 1017 681 1089 οῦκ
708 1016 752 1090 ἀν
780 1023 896 1108 ἑτέρον
923 1021 1018 1102 τινὸς
1037 1031 1155 1110 εἰησαυ

82 1141 119 1192 80
137 1121 272 1193 ἄποικοι
303 1127 424 1213 γένους
455 1121 475 1213 ἢ
508 1129 569 1195 τοῦ
606 1129 818 1214 καλουμένου
853 1131 919 1197 νῦν
947 1125 1154 1217 Ἀρκαδικοῦ.

92 1216 264 1372 [st-offic
287 1230 352 1321 γὰρ
369 1230 543 1319 Ἑλλήνων
566 1225 659 1302 οῦτοι
682 1235 927 1321 περαιωθέντες
949 1232 1010 1304 τὸν
1031 1232 1153 1304 Ἰόνιον
1172 1239 1194 1305 2

12 1347 14 1352 ’
135 1339 265 1408 κόλπον
296 1338 433 1433 ᾤκησαν
461 1337 617 1425 Ἰταλίαν,
650 1338 792 1427 ἀγοντος
823 1337 948 1421 αύτούς
979 1340 1153 1428 Οἰνώτρου
1168 1363 1194 1403 ιο

135 1450 197 1516 τοῦ
213 1445 402 1528 Λυκάονος·
425 1438 470 1534 ἦν
492 1447 530 1515 δὲ
552 1449 698 1534 πέμπτος
720 1445 786 1516 ἀττό
808 1473 843 1515 τε
857 1451 992 1534 Αἰζειοῦ
1013 1449 1068 1515 καί
1087 1455 1152 1516 Φο-

138 1555 273 1642 ρωνέως
299 1556 367 1622 τοῦν
394 1552 536 1641 πρύτων
560 1554 597 1621 έν
625 1552 877 1645 Πελοποννήσῳ
906 1553 1153 1623 δυναστευσάν-

136 1687 214 1730 των.
261 1660 449 1745 Φορωνέως
475 1659 537 1746 μλν
564 1657 629 1747 γάρ
657 1656 770 1744 Νιόβη
798 1665 938 1745 γίνεται·
966 1659 1088 1748 ταύτης
1114 1659 1152 1728 δὲ

81 1778 115 1828 31
135 1765 210 1845 υἰδς
232 1766 288 1833 καί
304 1763 399 1850 Διὸς,
422 1761 467 1845 οῦς
489 1766 626 1853 λέγεται,
649 1763 836 1850 Πελασγός·
860 1769 994 1848 Αἰζειοῦ
1018 1767 1055 1835 δὲ
1078 1764 1153 1846 υίὸς

134 1870 296 1974 Λυκάων·
318 1869 442 1940 τούτου
465 1871 503 1940 δὲ
522 1869 711 1958 Δηιάνειρα
733 1869 900 1959 θυγάτηρ·
925 1873 960 1939 ἐκ
983 1873 1021 1941 δὲ
1045 1881 1150 1958 Δηια-
1167 1893 1192 1935 11

10 1971 35 2046 .’
133 1987 249 2068 νείρας
275 1981 331 2047 καί
354 1982 533 2066 Πελασγοῦ
561 1977 708 2047 Λυκάων
732 1980 854 2067 ἔτερος·
882 1978 1005 2047 τούτου
1033 1978 1070 2047 δὲ
1092 1987 1150 2046 Οἰ-

132 2113 281 2175 νωτρος,
332 2085 549 2153 ἑπτακαίδεκα
594 2098 726 2170 γενεαλς
769 2082 936 2172 πρότερον
983 2088 1052 2153 τιῦν
1098 2086 1150 2152 ἐπὶ

137 2198 264 2282 Τροίαν
292 2189 575 2280 στρατευσάντων.
620 2187 725 2277 ὁμὲν
748 2188 790 2277 δὴ
819 2189 950 2279 χρόνος,
974 2192 1011 2259 ἐν
1037 2183 1065 2286 ρλ
1087 2191 1151 2278 τὴν

133 2295 291 2368 ἀποικίαν
324 2303 473 2367 ἔστειλαν
501 2300 662 2384 Ἕλληνες
694 2301 742 2376 εἰς
769 2294 935 2382 Ἰταλίαν,
968 2288 1067 2378 οὗτος
1097 2290 1149 2385 ἦν.

133 2403 302 2491 ἀπανέστη
327 2404 365 2472 δὲ
391 2407 451 2491 τῆς
472 2401 633 2482 Ἑλλάδος
657 2409 830 2492 Οἴνωτρος
857 2401 920 2472 ούκ
941 2400 1150 2492 ἀρκούμενος

132 2515 174 2601 τῇ
197 2517 311 2602 μοίρᾳ·
336 2509 399 2579 δύο
422 2508 487 2599 γὰρ
510 2510 566 2578 καλ
590 2517 695 2577 εἰκοσι
722 2513 864 2578 παίδων·
880 2512 1032 2578 Λυκάονι
1054 2535 1148 2596 γενο-

132 2620 247 2705 μένων
270 2615 522 2696 εἰςτοσούτους
534 2619 603 2684 έδει
626 2614 771 2703 κλήρους
784 2618 974 2704 νεμηθῆναι
995 2615 1057 2704 τὴν
1078 2613 1148 2704 ’Λρ-

132 2723 249 2791 κάδιν
271 2723 392 2812 χύραν.
415 2722 537 2810 ταύτης
559 2721 622 2810 μὲν
646 2721 689 2808 δὴ
711 2725 770 2808 τῆς
792 2726 900 2802 αἰτίας
923 2725 1019 2790 ἕνεκα
1042 2729 1148 2792 Πελο-

55 2905 60 2918 .
132 2829 307 2918 πόυνησον
340 2837 511 2917 Οἰνωτρος
546 2827 690 2898 έκλιπῦν
726 2830 782 2896 καί
818 2828 1149 2916 κατασκευασάμενος

131 2935 294 3006 ναυτικὸν
317 2940 441 3025 διαίρει
467 2933 528 3004 τὸν
548 2933 673 3004 Ἰόνιον
701 2934 854 3020 [πόντον]
882 2936 938 3004 καί
966 2934 1031 3004 σῦν
1053 2933 1143 3029 αὐτῷ
1159 2955 1185 2996 2⁵

1168 2373 1189 2438 3

1164 2461 1190 2502 20

29 3191 32 3195 ,
166 3144 171 3153 ’
203 3131 388 3200 θπρῦτοιΒι
413 3127 512 3199 πρδΒ
569 3135 602 3184 10
621 3124 727 3202 ᾤκισαν
749 3147 773 3184 ο.
797 3129 941 3200 Kiessling
1001 3135 1033 3183 11
1053 3128 1146 3216 αἰζιοῦ

136 3204 188 3258 AB
215 3205 339 3272 (ηκίηλκε
362 3220 381 3258 a
400 3202 455 3256 Ζτο
477 3203 553 3282 Eun.)
627 3205 660 3253 12
684 3200 836 3267 πράτονΒ
905 3206 1015 3256 13-16
1043 3221 1148 3270 ταυτης

131 3272 164 3329 δέ
178 3270 243 3336 οἰὸς
252 3270 374 3328 Λυκάων
385 3271 479 3344 ἕτερος
494 3271 604 3328 ommis
619 3269 752 3325 mediisB
803 3277 838 3326 14
852 3271 944 3338 αἰζιοῦ
958 3274 984 3327 Δ
1039 3278 1072 3328 16
1086 3274 1147 3340 δηϊ-

14 3395 15 3402 ,
132 3339 249 3414 άνειρας
267 3347 292 3398 A
364 3351 398 3400 18
421 3345 519 3413 τροίαν
542 3343 565 3396 Β
601 3344 682 3410 τροία
706 3341 731 3395 A
803 3349 837 3398 25
861 3336 998 3398 ναυτικόν
1022 3359 1075 3399 om.
1101 3343 1145 3415 ΒΙ

133 3415 273 3484 διαιρεῑΒ
291 3419 294 3483 Ι
310 3409 416 3470 πόντον
430 3415 536 3470 delevit
545 3412 687 3483 Kiessling
700 3407 823 3482 πόρονΒ
837 3414 913 3483 quod
931 3415 1033 3484 probat
1042 3413 1146 3469 Μουτι-

133 3502 182 3541 ner
199 3488 273 3540 Ann.
292 3485 362 3556 phil.
384 3491 452 3541 1817
470 3505 498 3556 p.
517 3491 569 3542 818
588 3479 696 3539 κόλπον
719 3484 831 3554 Βείύτο,
852 3483 1016 3554 Ambrosch,
1039 3485 1147 3556 Kayser

184 3591 285 3634 Dtom.
299 3593 363 3633 En..
376 3593 396 3632 Ι.
410 3603 449 3634 ιο.
461 3593 564 3635 huon:
970 3580 986 3628 2
