2682 3982
554 213 717 276 τ-Β-
1079 213 1146 280 255

128 399 222 459 τραις
263 373 502 461 κατεζωσμένοι
548 372 604 440 καὶ
648 373 813 459 τηβέννας
858 375 1146 462 ἐμπεπορπημένοι

129 479 404 568 περιπορφύρους
444 478 774 568 φοινικοπαρύφους,
810 475 850 562 ἃς
889 485 1031 551 καλοῦσι
1070 507 1146 569 τρα·

6 623 8 632 =
127 586 207 672 βίας
239 587 324 673 (ἔστι
356 583 390 662 θ’
426 584 603 674 έπιγιάριος
639 585 726 673 αῦτη
757 583 934 674 Ῥωμαίοις
967 585 1070 675 έσθῦρς
1107 590 1145 658 έν

128 706 199 773 τοῖς
229 693 322 762 πάνυ
353 692 465 782 τιμία)
494 693 553 762 καλ
589 691 649 778 τὰς
680 694 889 780 καλουμένας
920 691 1041 776 άπίκας
1078 697 1144 764 έπι-

1 865 2 870 ,
127 804 277 886 κείμενοι
308 812 380 880 ταῖς
411 806 593 888 κεφαλαῖς,
623 804 741 879 πίλους
772 795 924 888 ῦψηλοῦς
956 805 1003 882 είς
1035 805 1171 890 σγῆμαε

129 909 383 994 συναγομένους
418 907 615 992 κωνοειδές,
652 901 693 986 ῦς
720 904 882 994 Ἕλληνες
917 908 1144 996 προσαγορεύ-

130 1033 206 1081 ουσι
238 1017 431 1115 κυρβασίας.
484 1014 689 1100 παρέζωσται
721 1011 753 1082 δ’
785 1015 920 1094 ἕιιαστος
953 1011 1067 1084 αῦτῦν
1099 1014 1180 1098 {43

75 1141 199 1208 εεεφος
227 1119 283 1190 καὶ
309 1123 349 1210 τῇ
377 1119 440 1208 μέν
472 1123 564 1211 δεξιᾷ
595 1121 682 1208 χειρί
709 1118 835 1208 λόγχην
861 1115 882 1208 ἢ
906 1120 1036 1208 βάβόον
1062 1119 1084 1208 ἦ
1112 1147 1145 1190 τι

128 1225 263 1298 τοιοῦθ’
292 1229 409 1317 ἕτερον
435 1241 564 1312 κρατεῖ,
594 1230 633 1316 τῇ
662 1225 694 1296 θ’
725 1225 886 1318 εύωνῦμφ
913 1229 1042 1315 κατέχει
1069 1228 1145 1298 πέλ-

1 1391 2 1424 ³
128 1360 190 1422 την
218 1321 381 1424 Θρᾳκίαν·
413 1331 434 1422 ἡ
464 1330 495 1402 δ’
525 1334 595 1404 έστῖ
623 1337 815 1423 ῥομβοειδεῖ
839 1338 954 1428 θυρεῷ
987 1335 1144 1426 στενωτέ-
1158 1359 1184 1398 10

1 1461 2 1520 ξ
44 1437 48 1446 '
129 1467 190 1528 ρας
218 1447 329 1529 ἔχοντι
355 1439 413 1522 τὰς
440 1439 588 1528 λαγόνας
614 1440 775 1529 ἐμφερής,
803 1444 876 1522 οἵας
903 1443 1058 1528 λέγονται
1085 1442 1144 1528 φέ-

1 1529 3 1550 ’
130 1569 203 1634 ρειυ
239 1549 277 1616 οἱ
308 1545 349 1616 τὰ
385 1545 575 1634 Κουρήτων
610 1542 689 1632 παρ’
715 1544 876 1633 Ἕλλησιν
917 1549 1145 1628 ἐπιτελοῦντες

129 1653 212 1741 ἱερά.
257 1659 317 1722 καί
337 1658 423 1724 εἰσιν
453 1656 489 1721 oc
508 1651 621 1722 σάλιοι
647 1649 731 1722 κατὰ
757 1656 843 1739 γοῦν
866 1651 929 1740 τὴν
952 1651 1035 1740 ἐμὴν
1057 1652 1180 1740 γυνά-4

130 1785 198 1847 μην
219 1757 403 1853 Ἑλληνικῷ
431 1759 763 1848 μεθερμηνευθέντες
791 1756 931 1846 ὀνόματι
959 1763 1144 1847 Κουρῆτες,

129 1863 191 1952 ὑφ’
221 1865 316 1954 ἡμῦν
343 1865 406 1953 μὲν
433 1867 486 1934 ε’πλ
517 1869 577 1952 τῆς
607 1862 737 1953 ἡλικίας
771 1862 877 1946 οῦτως
908 1863 1143 1953 ὠνομασμένοι
1158 1889 1184 1930 15

129 1970 219 2060 παρά
246 1970 327 2052 τοῦς
353 1972 512 2060 κούρους,
540 1969 608 2042 ὑπὸ
636 1971 674 2040 δὲ
697 1969 870 2060 Ῥωμαίων
898 1973 951 2042 έπλ
977 1975 1036 2062 της
1065 1991 1143 2042 συν-

128 2078 234 2150 τόνου
260 2077 431 2166 κινήσεως.
479 2079 517 2150 τὸ
550 2077 614 2169 γὰρ
648 2077 850 2161 ἐξάλλεσθαί
877 2105 913 2148 τε
944 2080 1001 2148 καὶ
1032 2081 1144 2165 πηῦάν

130 2193 245 2276 σαλῖρε
268 2183 325 2254 ὑπ’
352 2184 463 2254 αῦτῦν
485 2186 623 2271 λέγεται.
669 2181 733 2256 άπὸ
764 2184 801 2256 δέ
827 2188 886 2272 τῆς
913 2182 1015 2272 αὐτῆς
1037 2190 1145 2266 αίτίας

129 2293 185 2364 καί
207 2291 285 2372 τοῦς
312 2289 436 2372 ἄλλους
458 2289 607 2372 ἅπαντας
630 2289 809 2382 ὀρχηστάς,
833 2293 903 2362 ἐπεὶ
925 2291 989 2364 κάν
1012 2291 1146 2372 τούτοις

129 2398 217 2470 πολῦ
253 2398 291 2469 τό
333 2396 421 2487 ἅλμα
461 2399 517 2468 καὶ
563 2404 726 2486 σκίρτημα
773 2403 899 2485 ἔνεστι,
937 2399 1145 2487 παράγοντες
1158 2421 1184 2462 2⁰

129 2504 196 2576 άπὸ
223 2510 292 2576 νῦν
320 2512 445 2581 σαλίων
473 2503 624 2592 τοῦνομα
656 2505 869 2592 σαλτάτωρας
897 2510 1068 2576 καλοῦσιν.
1114 2510 1146 2574 εί
1158 2502 1180 2567 5

76 2613 173 2684 38⁷6}
196 2611 312 2703 ὀρθῶς
337 2610 505 2699 ὑπείληφα
531 2610 658 2698 ταύτην
688 2609 802 2692 αὐτοῖς
824 2609 886 2700 τὴν
913 2619 1144 2702 προσηγορίαν

131 2717 316 2799 ἀποδιδοὺς
342 2720 378 2788 ἐκ
405 2721 473 2788 τῶν
505 2719 717 2806 γιγνομένων
747 2716 805 2788 ὑπ’
835 2715 949 2788 αῦτιῦν
977 2717 995 2788 ὁ
1022 2719 1145 2807 βουλό-

131 2853 232 2915 μενος
254 2831 426 2914 συμβαλεῖ.
462 2829 638 2894 κινοῦνται
655 2823 721 2914 γάρ
738 2823 822 2910 πρὸς
840 2823 947 2896 ωῦλὸν
966 2827 1003 2895 έν
1022 2828 1143 2915 ῥυθμῷ

130 2931 188 3014 τὰς
224 2935 402 3013 ἐνοπλίους
441 2931 589 3020 κινήσεις
629 2931 705 3002 τοτε
745 2930 806 3020 μέν
844 2930 951 3020 ὁμοῦ,
991 2931 1066 3000 τοτὲ
1107 2930 1145 3000 θλ
1158 2951 1185 2993 π

202 3135 218 3183 2
237 3123 468 3200 περιπορφύρους
486 3126 563 3182 ABb
595 3123 759 3199 πορφύρονς
782 3128 829 3182 Ba
853 3131 857 3196 Ι
883 3125 1145 3197 φονικωπαρόφονς

129 3200 176 3257 Ba
201 3199 206 3268 Ι
230 3199 372 3273 τραββέαν
395 3199 418 3252 Β
494 3205 512 3253 4
534 3193 641 3262 άπικας
662 3197 686 3252 Β
718 3193 824 3262 άπικᾶς
846 3201 884 3268 Δ,
908 3199 1055 3253 accentum
1075 3211 1144 3251 corr.

129 3271 268 3326 Bflcheler
341 3277 374 3326 10
393 3267 600 3344 βαβδοεαῖεῖΑ
620 3272 624 3337 Ι
646 3268 811 3340 στενοτέρας
829 3269 906 3324 ΑΒο
978 3274 1011 3323 13
1031 3262 1146 3355 γνώμην

129 3341 275 3412 Kiessling
297 3343 341 3397 Pr.
365 3341 428 3396 Βωε.
452 3345 534 3412 p.10
566 3343 670 3411 γνῶσιν
693 3341 743 3396 Bb
767 3359 822 3396 om.
841 3341 917 3396 ABa
990 3345 1023 3393 14
1041 3359 1145 3408 κουρη-

129 3415 217 3478 τεςΒ
273 3418 315 3470 λδ.
332 3419 366 3470 16
385 3407 443 3484 ἐπὶ]
464 3406 521 3468 άπὸ
536 3412 585 3468 Ab
639 3418 673 3468 18
692 3409 787 3483 σάλιρε
810 3411 861 3466 ΑΒ
917 3417 950 3468 19
968 3405 1079 3474 πάντας
1092 3411 1145 3464 ΑΒ

130 3491 163 3540 21
185 3479 341 3555 σαλάτορας
359 3484 412 3538 ΑΒ
431 3501 500 3542 corr.
519 3477 638 3538 Portus*
