2660 3986
551 261 584 274 -
624 233 717 286 P·-
1074 225 1139 296 327

124 391 182 460 καὶ
208 389 288 472 τοὺς
313 395 522 480 Φιδηναίους
550 395 722 478 διηγεῖται.
770 391 864 472 τέλος
892 390 934 479 δή
963 387 1002 460 τὸ
1029 388 1141 478 κράτι-

126 517 208 566 στον
236 497 414 590 εἰληφότος
440 503 502 568 τοῦ
529 501 680 587 πολέμου
706 496 747 570 τὰ
779 495 879 568 λοιπά
908 495 974 585 ήδη
1003 509 1140 566 σκοπεῖν

127 601 251 685 αὐτοὺς
281 602 393 692 ήξίου,
424 610 502 674 τίνα
532 602 595 694 χρή
631 604 758 693 τρόπον
789 602 1046 693 τιμωρήσασθαι
1078 601 1141 690 μέν

127 709 207 792 τοὺς
228 709 406 801 προδότας,
428 713 709 801 σωφρονεστέραν
728 711 766 782 δὲ
783 710 846 800 τήν
865 709 1037 798 Ἀλβανῶν
1060 706 1142 778 ἀπο·

128 821 252 887 δοῦναι
274 816 375 887 πόλιν
402 824 450 899 είς
476 816 513 887 τὸ
541 817 670 889 λοιπόν.
715 818 839 906 τὸμὲν
867 810 930 888 οὖν
952 815 1168 914 τιμωρήσα-6

128 934 211 994 σθαι
233 922 312 1005 τοὺς
339 924 611 1014 ἐπιχειρήσαντας
636 931 747 1014 ἔργοις
768 923 921 1005 ἀνοσίοις
940 926 1044 994 πᾶσιν
1067 922 1141 993 ἐδό·

126 1056 178 1098 κει
211 1031 344 1101 δίκαιόν
375 1057 411 1102 τε
442 1032 498 1101 καὶ
521 1030 706 1119 ἀναγκαίου
738 1029 841 1118 εἶναι,
874 1027 916 1100 δν
944 1029 982 1100 δέ
1012 1029 1141 1118 τρόπον

126 1140 228 1208 τοῦτο
251 1135 374 1223 γένοιτ’
400 1133 444 1206 ἀν
467 1139 573 1228 ῥᾷστα
594 1139 650 1207 καὶ
675 1137 908 1227 ἀσφαλέστατα
930 1136 1060 1226 πολλήν
1083 1134 1141 1206 αό-

70 1257 203 1323 489τοίς
225 1257 381 1330 παρεῖχεν
400 1241 554 1333 ἀπορίαν.
595 1242 709 1336 ἀδήλῳ
733 1245 795 1332 μὲν
818 1243 958 1332 γὰρκαὶ
981 1242 1142 1331 λεληθότι

129 1349 223 1441 μόρφ
245 1347 392 1430 πολλοὺς
413 1351 469 1419 καλ
492 1348 643 1436 ἀγαθοὺς
663 1349 834 1438 Ἀλβανῶν
862 1350 990 1440 ἀνδρας
1018 1355 1141 1439 διαχει-
1156 1368 1183 1408 1⁰

129 1460 291 1542 ρίσασθαι
314 1459 381 1526 τῶν
404 1453 585 1526 ἀδυνάτων
608 1454 722 1537 αὐτοῖς
744 1459 900 1544 ἐφαίνετο
924 1456 1024 1528 εἶναι·
1050 1463 1082 1527 εί
1104 1456 1143 1526 δέ

129 1566 285 1650 φανερῶς
308 1561 557 1650 συλλαμβάνειν
579 1564 636 1632 καὶ
657 1572 878 1655 τιμωρεῖσθαι
900 1561 980 1644 τοὺς
1002 1561 1143 1651 ἐνόχους

128 1682 201 1748 ταῖς
224 1671 345 1748 αίτίαις
367 1667 627 1759 ἐπιχειρήσειαν,
657 1667 698 1738 οὐ
720 1668 945 1757 περιόψεσθαι
972 1668 1051 1750 τοὺς
1071 1669 1142 1740 Ἀλ-

128 1775 257 1863 βανοὺς
291 1773 547 1863 ὑπελάμβανον,
579 1773 651 1844 ἀλλ’
683 1776 736 1845 ἐπὶ
767 1775 808 1844 τά
845 1774 931 1844 ὅπλα
967 1775 1143 1864 χωρήσειν.

129 1881 197 1970 ἅμα
229 1881 267 1950 δὲ
298 1890 456 1970 πολεμεῖν
482 1885 682 1970 Φιδηναίοις
712 1908 748 1952 τε
779 1884 835 1952 καὶ
867 1889 1055 1971 Τυρρηνοῖς
1084 1883 1141 1952 καὶ
1156 1905 1182 1948 ιι

121 2003 200 2070 τοῖς
226 1989 280 2060 ἐπὶ
305 1989 368 2076 τὴν
396 1995 587 2078 συμμαχίαν
610 1993 708 2077 σφῶν
734 1989 1007 2078 συνεληλυθόσιν
1027 1986 1144 2076 Ἄλβα·

129 2110 203 2177 νοϊς
231 2094 293 2170 οὐκ
320 2097 511 2184 ἐβούλοντο.
561 2095 806 2186 ἀπορουμένων
835 2095 866 2166 δ’
892 2092 1006 2166 αὐτῶν
1032 2103 1144 2165 τελευ-

129 2215 222 2283 ταῖος
252 2201 492 2273 ἀποδείκνυται
527 2203 667 2292 νυόμην
700 2201 718 2272 ὁ
750 2203 892 2290 Τύλλος,
924 2199 968 2291 ἣν
1000 2200 1145 2286 ἅπαντες

82 2321 83 2324 ’
130 2310 312 2399 ἐπήνεσαν,
334 2307 418 2398 ὑπὲρ
441 2302 481 2398 ής
503 2309 584 2398 μετὰ
607 2309 728 2400 μικρὸν
752 2312 826 2398 ἐρῶ.

218 2417 355 2486 XXVII.
386 2415 636 2502 Τετταράκοντα
657 2415 689 2483 δ’
706 2414 816 2485 όντων
836 2419 984 2485 σταδίων
1001 2420 1071 2486 τῶν
1088 2442 1143 2504 με·
1157 2437 1185 2478 2⁰

128 2521 212 2606 σαξδ
237 2521 390 2610 Φιδήνης
414 2549 450 2592 τε
481 2524 537 2592 καί
559 2520 686 2610 Ῥοόμης
713 2522 833 2602 ἐλάσας
858 2521 919 2593 τὸν
947 2526 1051 2592 ἵππον
1077 2521 1145 2592 ἀνδι

129 2628 251 2716 ιιράτος
273 2633 385 2717 πυρήν
408 2630 461 2698 ἐπὶ
486 2627 546 2698 τὸν
570 2628 699 2718 χάρακα
725 2630 781 2698 καλ
807 2630 888 2716 πρὶν
911 2626 1039 2718 ἡμέραν
1063 2638 1145 2718 λαμ·

130 2735 220 2822 πρδιν
243 2737 404 2822 γενέσθαι
426 2736 567 2816 καλέσας
585 2735 731 2823 Μάρκον
744 2735 899 2824 Ὁράτιον
921 2734 983 2806 τὸν
1001 2743 1144 2822 περιλει-

132 2843 265 2928 φθέντα
287 2843 413 2912 ἐκτῶν
435 2841 609 2930 τριδύμων
631 2843 687 2910 καί
706 2841 789 2923 δοὺς
811 2841 901 2935 αὐτῷ
924 2847 993 2911 τῶν
1017 2844 1146 2911 ἱππέων

130 2950 187 3018 καὶ
214 2954 283 3020 τῶν
310 2953 416 3033 πεζῶν
443 2947 523 3029 τοὺς
544 2947 787 3037 ἀκμαιοτάτους
810 2950 982 3018 ἐκέλευσεν
1005 2949 1059 3016 ἐπὶ
1081 2945 1144 3034 τήν
1158 2968 1185 3012 εε

75 3053 306 3144 49οἉλβανῶν
333 3057 434 3126 πόλιν
456 3056 567 3143 ἀχειν,
596 3055 812 3146 παρελθόντα
840 3053 872 3122 δ’
898 3053 993 3135 ἐντὸς
1014 3059 1146 3142 τείχους

203 3293 220 3341 4
239 3283 408 3374 προειδότας
430 3287 479 3343 Α.
537 3294 553 3344 6
577 3285 629 3358 μὲν
652 3283 719 3372 τοδς
741 3289 766 3341 Α
787 3287 791 3356 Ι
813 3281 859 3342 ἐπι
879 3280 1046 3410 ειρήσαντέας
1071 3285 1147 3372 Βοῌ,

131 3358 505 3500 ῗέιῗὶ”ό”ἓλλξῖιῖλιῖλιΒό
578 3358 747 3499 {iffi
771 3362 1147 3498 ‹⁰>m'2m02502223st2'13ss‘333

132 3505 167 3555 16
188 3495 356 3570 ἐληλυθόσιν
374 3501 449 3556 ΒεΒ
464 3503 469 3570 Ι
485 3497 619 3574 ἀλβανῶν
636 3501 690 3556 ΑΒ
762 3505 796 3556 23
815 3501 949 3569 γίνεσθαι
967 3499 990 3554 Β
