2682 3982
623 225 787 278 ..Β-

198 388 307 470 μαίων
330 381 518 470 ἀποσκευῆς
540 381 683 470 ἀμοχθεὶ
701 381 944 471 παρειληφότες
967 385 1002 451 ἐκ
1024 387 1086 452 τοῦ
1104 381 1213 470 ἀσφα-
1313 405 1314 410 ’

147 581 150 586 Ι
197 495 279 569 λοῦς
309 489 375 577 ἤδη
406 488 468 557 τὸν
500 487 649 576 πόλεμον
683 491 851 576 διέφερον.
903 489 1026 558 πολλαὶ
1053 488 1115 576 μὲν
1149 481 1212 557 οὖν
1314 507 1315 512 ’

200 596 312 666 αὐτῶν
336 599 490 682 ἐγίνοντο
513 597 570 664 καὶ
593 594 650 664 διά
673 595 798 676 πολλάς
820 594 1007 683 προφάσεις
1028 614 1213 684 παρεστρα-
1315 602 1316 630 λ

198 703 449 773 τοπεδευκότων
472 701 630 789 ἀλληλοις
654 701 699 770 δι’
725 701 844 789 ὀλίγον
867 708 983 791 πεῖραί
1002 703 1110 772 τεκαὶ
1130 721 1212 789 συμ-
1316 754 1317 764 ,

159 836 171 876 5
198 811 319 879 πλοκαὶ
353 809 429 878 οὔτε
465 808 710 897 κατορθώματα
747 808 874 896 μεγάλα
911 809 1053 899 ἑκατέρῳ
1090 811 1213 898 φέρου

200 935 257 984 σαι
279 921 347 984 τόν
371 914 626 1002 στρατευμάτων
651 913 727 984 οὔτε
753 915 820 1000 [τά]
845 915 1037 1002 σφάλματα,
1060 918 1212 1004 μέγισται

201 1022 232 1090 δ’
259 1026 295 1091 ἐκ
317 1022 529 1110 παρατάξεως
553 1019 646 1101 ὅλαις
668 1035 741 1101 ταῖς
774 1021 939 1109 δυνάμεσι
962 1021 1045 1111 πρὸς
1068 1020 1214 1109 ἀλλήλας

161 1129 302 1216 2μάχαι
327 1130 434 1197 διτταὶ
461 1131 517 1196 καὶ
545 1128 652 1214 φόνος
680 1130 844 1216 ἑκατέρων
872 1129 985 1208 πολύς.
1032 1131 1215 1216 ἑλκομένου

201 1235 243 1322 δὴ
271 1239 333 1304 τοῦ
360 1235 488 1324 χρόνου
515 1234 655 1322 γνώμην
683 1233 868 1324 ἀμφότεροι
897 1233 959 1321 τὴν
983 1232 1089 1321 αὐτὴν
1115 1239 1214 1321 ἔσχον

161 1369 187 1408 10
202 1342 376 1430 ὁλοσχερεῖ
400 1357 512 1429 κρῖναι
540 1341 601 1410 τὸν
629 1341 745 1428 ἀγῶνα
772 1343 875 1431 μάχη,
904 1343 960 1410 καὶ
989 1341 1216 1430 προελθόντες

202 1455 249 1530 εἰς
271 1448 308 1517 τὸ
337 1449 458 1536 μεταξὺ
485 1454 553 1518 τῶν
582 1452 817 1537 στρατοπέδων
841 1454 966 1537 χωρίον
994 1446 1157 1536 ἡγεμόνες
1180 1474 1215 1516 τε

201 1556 333 1644 ἀριστοι
364 1554 405 1624 τά
437 1558 578 1643 πολέμια
610 1558 666 1624 καλ
699 1561 898 1644 στρατιῶται
929 1559 1062 1624 πολλῶν
1093 1553 1215 1634 ἐθάδες

202 1661 345 1749 ἀγάυων
368 1661 444 1744 ἀξια
467 1661 572 1790 λόγου
600 1661 669 1750 ἔργ’
696 1661 936 1731 ἀπεδείκνυντο
968 1661 1117 1740 ἐπιόντες
1140 1659 1215 1748 <τ’>

202 1769 360 1856 ἀλλήλοις
382 1770 438 1838 καὶ
460 1768 539 1848 τοὺς
558 1768 713 1849 ἐπιόντας
733 1769 908 1857 δεχόμενοι
926 1769 982 1836 καὶ
1001 1771 1034 1850 ἐξ
1053 1765 1214 1855 ὑποστρο-

162 1865 268 2008 3φης
292 1882 338 1956 είς
362 1885 437 1944 ίσον
457 1869 560 1956 αὖθις
576 1875 902 1964 καθιστάμενοιίο
867 1873 954 1943 οί’δ
976 1875 1030 1942 έπλ
1047 1878 1116 1944 τῶν
1139 1876 1214 1962 έρυ-

202 1983 316 2070 μάτων
342 1984 477 2062 ἑστῶτες
501 1981 687 2070 ἰσορρόπου
709 1979 872 2050 θεαταλ’
853 1985 986 2067 αγάνος
1003 1981 1059 2048 καὶ
1081 1977 1271 2066 θαμινά3εε

204 2092 384 2178 ἑκατέρωσε
417 2093 676 2175 μεταπίπτοντος
712 2093 758 2180 τῷ
795 2088 857 2176 μὲν
889 2090 1115 2175 κατορθουντι
1147 2113 1215 2156 των

203 2199 375 2284 σφετέρων
399 2193 602 2262 ἐπικελεύσει
625 2196 737 2264 τεκαὶ
760 2198 952 2286 παιανισμῷ
976 2191 1104 2279 πολλὴν
1129 2195 1216 2262 έποί-

204 2330 267 2370 ουν
299 2300 360 2387 την
393 2306 440 2380 είς
471 2300 509 2370 τὸ
539 2299 688 2387 εὔψυχον
716 2304 885 2386 ἐπίδοσιν,
914 2304 960 2392 τῷ
990 2299 1027 2368 δὲ
1052 2299 1217 2386 κάμνοντι

164 2409 259 2480 εοκαλ
293 2411 487 2497 διωκομένῳ
521 2405 651 2492 δεήσεις
686 2433 721 2475 τε
755 2409 812 2476 καὶ
845 2405 991 2493 οἰμωγάς
1022 2408 1216 2493 προϊέμενοι

203 2515 349 2582 κωλυταὶ
378 2517 440 2581 τοῦ
470 2517 518 2592 εἰς
547 2515 641 2592 τέλος
670 2511 846 2601 ἀνάνδρου
876 2515 1043 2598 ἐγίνοντο·
1077 2510 1137 2599 ὑφ’
1168 2505 1217 2581 ὧν

204 2619 404 2708 ἀμφοτέρων
427 2617 655 2704 ἠναγκάζοντο
678 2620 734 2687 καὶ
757 2617 846 2705 παρά
868 2618 1015 2707 δύναμιν
1033 2616 1217 2706 ὑπομένειν

204 2725 244 2794 τά
259 2724 364 2793 δεινά.
392 2727 524 2810 ἐκείνην
539 2725 600 2811 μὲν
616 2718 678 2794 οὖν
693 2725 754 2813 την
774 2724 902 2814 ἡμέραν
917 2723 1005 2794 οὕτω
1026 2727 1218 2812 διενέγκαν-

204 2860 257 2913 τες
276 2830 479 2919 ἀγχωμάλως
499 2831 561 2918 τὴυ
577 2832 702 2920 μάχην,
716 2831 857 2910 σκότους
876 2830 975 2911 όντος
992 2831 1058 2919 ἤδη
1077 2831 1218 2920 ἀσμενοι

164 2969 191 3010 ει
206 2945 253 3019 είς
274 2936 353 3018 τοὺς
377 2942 521 3017 οἰκείους
545 2937 694 3027 ἑκάτεροι
717 2937 863 3026 χάρακας
886 2932 1150 3025 ἀπηλλάσσοντο.

276 3198 377 3260 ὅουτε
401 3199 436 3257 τά
461 3220 484 3258 ο.
507 3204 664 3259 Ambrosch
745 3212 761 3260 6
783 3199 819 3258 τά
846 3204 868 3258 Ο
897 3203 951 3261 del.
977 3204 1100 3260 Reudler
1124 3205 1217 3261 Tiroc.

205 3295 233 3345 p
252 3281 286 3330 ‘23
351 3269 949 3401 9δηΚιεεε11οῗδὲΟγαροΑεοθεοεολε
1014 3281 1047 3330 13
1065 3273 1216 3360 *ἔργαΟλ

206 3345 446 3420 <ἑ>πιδείκνυντο
464 3347 487 3400 Β
508 3351 511 3398 Ι
536 3345 551 3378 *
577 3365 692 3408 πιοντες
706 3367 722 3400 τ
754 3347 853 3416 scripsi
873 3341 1002 3409 ἐπιόντες
1026 3365 1055 3402 τε
1075 3347 1219 3420 Kiessling

205 3419 250 3472 Pr.
265 3419 326 3472 Bas.
326 3436 368 3503 p.
385 3425 400 3472 ’ί
471 3423 504 3471 14
523 3412 688 3510 άλλήλοιςκ.
704 3439 727 3471 τ.
749 3413 881 3482 έκιόντας
901 3436 954 3474 om
970 3419 1031 3488 Aa,
1051 3419 1115 3476 add.
1134 3422 1219 3491 Amg

208 3494 240 3542 19
259 3483 421 3558 καμόντιΒ
