2682 3982
579 242 742 295 -B-

151 397 214 486 τὴν
247 399 353 486 φύσιν
385 403 479 490 ίεροῦ
511 405 698 490 κατασκευῇ
729 403 785 470 καὶ
818 407 955 482 θυσίαις
987 406 1167 492 διετησίοις

152 507 244 588 ἔταξε
266 512 421 595 Κυρῖνον
446 507 737 595 ἐπονομαζόμενον
758 513 986 596 γεραίρεσθαι.
1031 515 1079 579 ἐτι
1102 510 1166 599 γάρ

151 609 371 698 ἀγνοούντων
411 612 473 684 τὸν
514 610 711 703 ἀφανισμὸν
753 612 858 684 αὐτοῦ
890 615 1063 704 Ῥωμαίων
1102 627 1167 686 εἴτε

151 717 234 788 κατὰ
267 723 429 808 δαίμονος
464 709 631 808 πρόνοιαν
663 719 722 790 εἶτ’
753 725 786 804 ἐξ
819 725 999 811 ἐπιβουλῆς
1031 721 1167 813 ἀνθρω-

151 831 250 914 πίνης
272 829 419 914 ἐγένετο,
441 827 624 916 παρελθόν
646 855 697 910 τις
719 834 766 910 είς
787 828 850 918 τὴν
873 827 1004 919 ἀγορὰν
1025 828 1193 912 Ἰούλιοςε

153 931 261 1021 ὄνομα
291 937 360 1004 τῶν
393 931 449 1003 ἀπ’
477 933 656 1004 Ἀσκανίου
684 934 867 1024 γεωργικὸς
898 935 986 1026 ἀνὴρ
1018 939 1074 1006 καὶ
1106 937 1167 1007 τὸν

151 1045 230 1126 βίον
257 1039 494 1130 ἀνεπίληπτος,
518 1037 589 1124 οίος
616 1043 723 1132 μηδὲν
743 1040 787 1113 ἀν
810 1043 1004 1126 ψεύσασθαι
1026 1046 1168 1132 κέρδους

152 1147 249 1215 ἕνεκα
273 1152 415 1235 οίιιείον,
443 1155 507 1237 ἐφη
535 1151 829 1240 παραγιγνόμενος
856 1153 889 1234 ἐξ
917 1149 1024 1241 ἀγροῦ
1042 1149 1167 1240 Ῥωμύ-

151 1261 213 1322 λου
248 1258 335 1324 ίδεῖυ
367 1253 511 1325 ἀπιόντα
540 1258 575 1325 ἐκ
602 1261 662 1345 τῆς
687 1257 816 1340 πόλεως
848 1263 967 1346 ἔχοντα
996 1256 1037 1326 τὰ
1070 1255 1167 1344 ὅπλα,

150 1361 206 1429 καὶ
234 1360 349 1450 ἐπειδὴ
376 1361 475 1450 ἐγγύς
506 1366 637 1451 ἐγένετο
670 1361 812 1434 ἀκοῦσαι
843 1369 949 1434 ταῦτα
981 1361 1086 1433 αῦτοῦ
1117 1364 1168 1432 λέ-
1183 1394 1209 1434 ιο

151 1491 284 1554 γοντος·
311 1467 463 1556 Ἀγγέλλε
480 1468 656 1558 Ῥωμαίοις
680 1470 800 1540 Ἰούλιε
826 1470 868 1540 τὰ
889 1468 969 1559 παρ’
996 1473 1089 1558 ἐμοῦ,
1114 1468 1207 1538 ότι4

152 1601 192 1662 με
220 1572 237 1644 ὁ
262 1573 373 1664 λαχὼν
407 1575 456 1646 ὅτ’
482 1577 648 1665 ἐγενόμην
681 1581 811 1665 δαίμων
840 1582 888 1657 είς
918 1575 1023 1658 θεοὺς
1052 1575 1167 1664 ἄγεται

96 1681 218 1752 371τόυ
240 1682 373 1770 θνητὸν
401 1682 660 1773 ἐκπληρώσαντα
693 1687 813 1752 αίῦνα·
845 1683 913 1772 είμλ
941 1682 980 1750 δὲ
1006 1691 1167 1772 Κυρῖνος.

151 1788 341 1878 περιλαβεδν
370 1789 408 1858 δὲ
435 1788 570 1858 ἅπασαν
596 1789 660 1878 τὴν
686 1790 762 1879 περὶ
789 1788 830 1858 τὰ
853 1799 933 1858 θεία
956 1794 1167 1878 νομοθεσίαν

151 1911 297 1985 γραφαῖς
330 1901 454 1965 διεῖλεν
487 1901 534 1977 είς
570 1892 655 1966 όκτιδ
688 1903 823 1986 μοίρας,
856 1894 933 1966 ὅσαι
964 1899 1034 1966 τῶν
1066 1897 1166 1985 ίερῶν
1182 1925 1208 1967 ιε

151 1995 239 2090 ἦσαν
263 2007 301 2072 αί
322 2007 514 2091 συμμορίαι.

242 2111 376 2178 LXIIII.
396 2107 559 2178 Ἀπέδωκε
582 2110 621 2178 δὲ
643 2115 724 2198 μίαν
748 2110 810 2199 μὲν
835 2115 1030 2200 ἱερουργιῶν
1055 2109 1168 2178 διάτα-

90 2245 98 2258 ·
153 2219 206 2300 ξιν
237 2231 308 2296 τοῖς
338 2215 519 2306 τριάκοντα
550 2223 749 2306 κουρίωσιν,
782 2214 842 2298 οῦς
879 2223 965 2305 ἔφην
996 2214 1037 2286 τὰ
1068 2214 1168 2285 κοινὰ

152 2323 253 2392 θύειν
285 2320 370 2411 ὑπὲρ
402 2327 470 2392 τεόν
502 2327 677 2412 φρατριῶν
711 2323 801 2412 ίερά.·
846 2321 908 2410 τὴν
940 2323 978 2392 δὲ
1006 2325 1208 2412 δευτέραν2

151 2445 222 2511 τοῖς
248 2431 470 2519 καλουμένοις
500 2427 566 2500 ῦπὸ
600 2430 661 2518 μὲν
683 2429 856 2518 Ἑλλήνων
884 2430 1167 2521 στεφανηφόροις,
1182 2459 1209 2500 το

151 2535 217 2607 ὑπὸ
248 2537 285 2606 δὲ
308 2535 481 2626 Ῥωμαίων
510 2537 696 2626 φλάμοσιν,
729 2535 789 2618 οῦς
822 2539 875 2607 ἐπὶ
906 2541 965 2626 τῆς
992 2537 1168 2627 φορήσεως

98 2648 224 2712 372τῦν
246 2649 355 2712 πίλων
377 2671 412 2713 τε
434 2645 490 2714 καὶ
509 2645 713 2734 στεμμάτων,
737 2641 758 2713 ἀ
780 2645 836 2713 καὶ
858 2647 925 2714 νῦν
949 2650 997 2714 ἔτι
1020 2648 1167 2734 φοροῦσι

152 2751 268 2839 φλάμα
290 2755 483 2837 καλοῦντες,
507 2749 595 2821 ούτω
614 2752 915 2842 προσαγορεύουσι.
956 2751 1018 2840 τὴν
1038 2751 1076 2820 δὲ
1098 2757 1167 2839 τρί-
1186 2755 1207 2818 3

150 2884 214 2945 την
245 2869 316 2938 τοϊς
347 2855 488 2946 ἡγεμόσι
523 2862 592 2927 τῶν
628 2865 802 2947 κελερίων,
839 2855 899 2939 οῦς
936 2863 1022 2946 ἔφην
1060 2861 1169 2937 ἱππεῖς

151 2990 186 3032 τε
217 2965 273 3032 καὶ
310 2964 429 3046 πεζοὺς
461 2967 746 3053 στρατευομένους
782 2965 935 3054 φύλακας
968 2963 1166 3033 ἀποδείκυυ-
1181 2993 1207 3034 ω

153 3080 236 3139 σθαι
257 3075 327 3140 τόν
350 3072 534 3158 βασιλέωυ,
560 3073 617 3140 καὶ
639 3063 775 3158 γάρ
735 3099 828 3142 ουτοι
850 3074 1051 3160 τεταγμένας
1073 3069 1168 3152 τινάς

224 3237 240 3288 8
265 3229 382 3286 wem?
455 3238 488 3286 11
512 3227 612 3302 ἀγγελε
631 3233 677 3288 Ba
755 3239 787 3288 12
812 3227 1010 3302 ἐγεινάμηνΑ
1083 3238 1115 3286 13
1134 3227 1166 3286 τὸ

151 3299 262 3372 θνητὸν
285 3305 311 3357 Α
388 3308 421 3358 15
445 3300 540 3374 ίερῦν]
570 3301 669 3391 ίερόων
694 3303 826 3359 Gelenius
906 3309 938 3358 19
963 3302 1123 3372 φρατριέων
1142 3305 1167 3356 A

152 3375 298 3458 φρατριῶν
316 3373 364 3428 Bb
436 3381 470 3429 20
490 3371 723 3462 στεφηφόροιςΟ
797 3382 831 3430 22
850 3375 907 3429 τῦν
925 3373 1053 3428 πιλωτων
1071 3375 1097 3428 R
1120 3393 1166 3428 πι-

147 3443 322 3571 ¹21⁰3&AE
394 3452 427 3500 23
448 3441 562 3516 φλάμεα
581 3445 787 3518 Scaligert
721 3446 795 3502 Cast.
811 3447 842 3502 in
855 3445 928 3502 Post.
945 3463 965 3502 ε.
980 3457 1006 3500 v
1026 3445 1167 3516 apiculum

152 3515 182 3570 εδ
224 3519 300 3572 ortus
320 3511 459 3588 φιλάμινα
479 3517 622 3572 Turnebus
