2670 3984
210 216 254 281 οε
637 213 805 265 -Α-

210 379 279 444 τῶν
313 372 376 444 σὺν
405 373 566 466 Οἰνώτρῳ
603 374 894 461 μετενεγκαμένων
930 371 993 460 τὴν
1026 379 1159 460 οίκησιν
1191 375 1229 442 ἐκ

210 486 270 584 τῆς
305 482 516 567 καλουμένης
550 484 618 548 νῦν
647 479 841 567 Ἀρκαδίας,
874 476 920 560 ὡς
951 478 1015 566 ἐγὼ
1046 485 1228 567 πεάθομαι·

211 587 319 658 ἔπαθ’
353 591 388 657 οί
416 586 679 675 μεταναστάντες
708 589 744 655 ἐκ
772 591 832 674 τῆς
860 587 935 657 τότε
964 587 1027 674 μὲν
1050 590 1228 674 Αἱμονίας,

211 701 276 765 νῦν
309 697 347 765 δὲ
370 701 550 776 Θετταλίας
579 697 804 782 καλουμένης,
831 699 1019 780 Πελασγοί·
1049 701 1157 784 τρίτοι
1189 695 1228 764 δε

184 807 247 871 σοί
282 802 346 872 σὺν
384 801 553 894 Εὐάνδρῳ
597 804 889 891 παραγενηθέντες
925 805 973 880 είς
1010 799 1154 870 Ἰταλίαν
1192 804 1229 871 ἐκ

211 915 429 979 Παλλαντίου
451 909 597 989 πόλεως·
625 907 707 997 μετὰ
731 909 769 977 δὲ
791 908 932 988 τούτους
953 911 1022 976 τῶν
1046 906 1110 976 σὺν
1128 907 1229 996 Ἡρα-

209 1025 284 1084 κλεῖ
314 1017 589 1104 στρατευομένων
617 1019 912 1102 Πελοποννησίων
941 1012 1068 1083 Ἐπειοί
1100 1039 1135 1084 τε
1170 1017 1229 1083 καί

214 1127 388 1208 Φενεᾶται,
412 1117 464 1203 οἷς
485 1125 541 1192 καὶ
568 1122 721 1210 Τρωικόν
744 1149 776 1192 τι
800 1124 1011 1210 ἐμμέμικται·
1042 1131 1230 1191 τελευταῖοι

212 1231 249 1298 δὲ
273 1234 308 1299 οί
329 1232 556 1310 διασωθέντες
578 1227 642 1298 σὺν
666 1235 788 1320 Αίνείςι
805 1233 917 1318 Τρῶες
940 1231 972 1311 ἐξ
993 1227 1096 1298 Ἰλίου
1117 1231 1230 1298 τεκαὶ

171 1373 198 1412 10
213 1337 400 1426 Δαρδάνου
422 1339 478 1405 καὶ
500 1342 569 1406 τῶν
593 1336 707 1406 ἄλλων
734 1341 893 1424 Τρωικῶν
916 1335 1057 1405 πόλεων.

299 1447 382 1513 LXI.
410 1443 482 1512 “On
506 1443 621 1512 δὲκαὶ
644 1443 682 1512 τὸ
705 1447 775 1512 τῶν
802 1441 927 1532 Τροίαν
956 1448 1059 1522 ἔθνος
1075 1440 1228 1531 Ἕλληνι·
1321 1461 1322 1536 ρ

209 1549 272 1620 κὸν
296 1554 333 1620 ἐν
355 1565 426 1631 τοῖς
448 1550 591 1638 μάλιστα
606 1543 649 1638 ἦν
673 1553 709 1618 ἐκ
723 1548 991 1636 Πελοποννήσου
1013 1549 1094 1619 ποτε
1117 1546 1228 1637 δρμη-
1321 1559 1322 1578 ’

210 1660 325 1746 μένον,
348 1668 476 1747 εἴρηται
500 1657 562 1746 μὲν
584 1657 640 1724 καλ
664 1655 780 1736 ἄλλοις
801 1657 868 1725 τισὶ
891 1655 1005 1741 πάλαι,
1028 1655 1230 1743 λεχθήσεται

211 1764 249 1832 δὲ
271 1765 326 1832 καὶ
349 1763 433 1852 πρὸς
461 1766 544 1852 ἐμοῦ
573 1761 618 1831 δι’
645 1762 779 1850 ὀλίγων.
826 1768 891 1850 ἔχει
920 1759 999 1832 δεδ
1028 1763 1129 1848 λόγος
1151 1765 1230 1852 περὶ

172 1903 196 1944 15
211 1869 323 1940 αὐτῶν
356 1862 439 1939 ὦδε·
466 1869 589 1950 ’Ἄτλας
616 1875 745 1957 γίνεται
774 1867 930 1955 βασιλεὺς
958 1872 1090 1956 πρῶτος
1117 1871 1156 1937 ἐν
1186 1875 1230 1958 τῇ

209 1980 399 2067 καλουμένη
427 1981 493 2046 νῦν
513 1975 685 2066 Ἀρκαδίᾳ,
713 1975 792 2068 ᾤκει
817 1975 854 2043 δδ
881 1976 957 2063 περὶ
979 1973 1018 2044 τὸ
1041 1973 1228 2062 λεγόμενον
1318 1985 1321 2060 λ

209 2083 414 2155 Καυκώνιον
434 2082 521 2170 όρος.
553 2081 661 2172 τούτῳ
682 2084 867 2170 θυγατέρες
889 2073 977 2168 ἦσαν
1002 2078 1082 2149 ἑπτά
1105 2085 1143 2149 αλ
1158 2085 1227 2149 νῦν
1320 2069 1321 2122 ³

210 2196 247 2262 ἐν
285 2190 420 2281 οὐρανῷ
457 2192 717 2274 κατηστερίσθαι
746 2187 924 2275 λεγόμεναι
956 2186 1122 2267 Πλειάδες
1153 2190 1223 2256 ἐπί
1231 2207 1281 2256 154

208 2306 348 2383 κλησιν,
390 2285 438 2361 ὧν
480 2297 561 2380 μίαν
597 2291 660 2378 μὲν
694 2289 874 2378 Ἠλέκτραν
914 2290 998 2372 Ζεὺς
1032 2307 1134 2382 γαμεῖ
1170 2295 1228 2361 καὶ

208 2405 314 2491 γεννᾷ
335 2399 514 2479 παῖδαςέξ
537 2396 639 2484 αὐτῆς
656 2395 774 2466 Ἴασον
801 2400 858 2466 καὶ
882 2397 1078 2487 Δάρδανον.
1112 2397 1246 2479 Ἴασος·

209 2507 271 2595 μέν
296 2499 359 2574 οὖν
386 2504 506 2592 ἠίθεος
532 2506 640 2592 μένει,
670 2503 854 2592 Δάρδανος
884 2505 922 2573 δέ
944 2504 1059 2592 άγεται
1082 2521 1227 2592 γυναῖκα

208 2611 349 2700 Χρύσην
377 2611 577 2691 Πάλλαντος
608 2613 795 2700 θυγατέρα,
828 2614 862 2694 ἐξ
888 2603 929 2699 ἧς
955 2609 1045 2704 αὐτῷ
1072 2618 1228 2698 γίνονται

108 2729 112 2738 “
207 2722 325 2798 παῖδες
349 2713 472 2798 Ἰδαῖος
499 2719 555 2786 καὶ
584 2724 721 2806 Δείμας.
767 2710 861 2786 οὗτοι
888 2720 971 2798 τέως
1000 2717 1063 2806 μέν
1092 2721 1130 2787 ἐν
1155 2717 1228 2806 Ἀρ-

207 2829 308 2918 καδίηι
329 2824 580 2914 παραλαβόντες
601 2824 664 2912 τὴν
683 2824 866 2905 ’Ἁτλαντος
889 2827 1092 2894 δυναστείαν
1116 2827 1228 2912 ἐβασί-

166 2955 194 2996 25
207 2941 325 3018 λενον,
359 2937 470 3001 ἔπειτα
497 2933 733 3018 κατακλυσμοῦ
760 2931 947 3017 γενομένου
975 2930 1123 3018 μεγάλου
1150 2934 1228 3021 περὶ

207 3039 269 3128 τὴν
294 3037 473 3128 Ἀρκαδίαν
500 3037 541 3107 τά
568 3037 630 3126 μὲν
658 3040 757 3105 πεδία
788 3036 995 3124 ἐξελιμνώθη
1018 3039 1075 3107 καὶ
1096 3043 1228 3107 πολλοῦ

169 2373 191 2436 2

169 2461 195 2500 20

279 3205 296 3254 5
315 3196 584 3269 παραγεννηθέντες
602 3197 627 3251 A
700 3205 717 3251 9
736 3193 767 3251 ολ
782 3213 836 3250 om.
855 3197 881 3251 A
954 3203 986 3252 12
1007 3193 1112 3260 ἐντοῖς
1130 3215 1186 3253 om.
1204 3199 1227 3252 B

209 3278 242 3325 13
261 3275 394 3333 παλαιοῖς
422 3287 445 3324 ο.
464 3267 607 3337 Kiessling
698 3272 731 3322 17
755 3263 939 3322 *καυκάσιον
963 3267 985 3322 O
1017 3265 1184 3339 θαυμάσιον
1203 3286 1226 3324 ο.

208 3343 362 3398 Glareanus
443 3347 476 3396 18
494 3340 716 3408 κατηστερίσθαι
743 3338 794 3392 Bb
825 3340 1056 3408 ταταστερήσθαι
1083 3338 1109 3392 A
1141 3343 1227 3394 καθι-

207 3415 373 3483 στορεῖσθαι
391 3411 437 3466 Ba
455 3413 497 3480 (θ)
584 3415 618 3465 23
638 3406 669 3464 οἵ
684 3405 716 3464 τό
736 3407 811 3471 τέως
828 3409 854 3463 A
882 3408 909 3465 οἳ
927 3405 959 3464 τὸ
988 3408 1058 3472 τέως
1085 3409 1109 3462 Β
1141 3409 1170 3465 οἳ
1187 3431 1226 3465 τω

206 3483 276 3546 τέως
304 3483 352 3537 Bb
372 3499 442 3538 corr.
461 3478 605 3551 Kiessling
