2670 3984
555 217 719 270 -Α-
1081 215 1144 282 123

219 379 366 446 LXXVI.
401 374 554 465 Ἀμόλιος
572 373 686 464 ἐπειδὴ
704 378 871 466 παρέλαβε
893 374 955 464 τὴν
972 373 1144 464 Ἀλβανῶν

76 491 309 573 ιοεβασιλείαν
345 482 406 554 τὸν
437 483 666 572 πρεσβύτερον
704 481 855 570 ἀδελφὸν
887 485 1062 570 Νεμέτορα
1098 487 1144 576 τῷ

126 596 326 679 κατισχῦσαι
353 595 412 679 τῆς
439 596 582 681 πατρίου
609 595 707 679 τιμῆς
733 589 903 679 ἀπείρξας,
931 589 972 659 τά
1001 617 1036 659 τε
1059 588 1145 659 ἀλλα

126 697 212 768 κατὰ
235 696 364 786 πολλὴν
387 696 576 789 ὑπεροψίαν
599 701 667 768 τόν
687 700 828 767 δικαίων
852 700 934 787 έθρα
955 697 1011 766 καὶ
1033 706 1144 766 τελευ-

126 810 198 876 ταῖν
223 811 349 894 έρημον
371 808 493 892 γένους
513 803 575 875 τόν
599 803 694 876 οἷκον
713 809 774 874 τοῦ
794 806 984 892 Νεμέτορος
1007 804 1171 892 έπεβού-ῡ

126 922 227 982 λευσε
249 917 399 1000 ποιῆσαι,
421 917 483 982 τοῦ
505 939 541 982 τε
560 915 659 999 δίκην
677 909 838 999 ὑποσχεῖν
857 909 954 1004 φόβῳ
972 913 1028 980 καὶ
1046 917 1144 999 ἔρωτι

126 1019 174 1108 μὴ
188 1024 390 1108 παυσθῆναί
400 1043 479 1088 ποτε
492 1022 552 1106 τῆς
565 1016 677 1106 ἀρχῆς.
700 1017 971 1106 βουλευσόμενος
990 1017 1144 1088 δὲταῦτα
1163 1019 1184 1083 2

126 1129 164 1196 έκ
188 1131 316 1196 πολλοῦ
338 1129 473 1216 πρῶτον
501 1125 563 1214 μὲν
590 1125 651 1194 τὸν
678 1124 757 1194 υίόν
784 1129 845 1195 τοῦ
868 1127 1060 1214 Νεμέτορος
1083 1134 1143 1194 Αί-

124 1253 249 1320 γεστον
281 1232 358 1320 ἀρτι
389 1233 602 1320 γενειάζοντα
634 1232 784 1320 φυλάξας
821 1238 907 1302 ἔνθα
944 1233 1144 1320 έκυνηγέτει,

124 1347 331 1430 προλοχίσας
362 1345 423 1410 τοῦ
455 1345 582 1428 χωρίου
612 1339 651 1410 τὸ
683 1338 932 1427 ἀφανέστατον,
963 1338 1143 1422 ἐξελθόντα
1159 1363 1185 1402 ιο

125 1449 182 1518 ἐπὶ
204 1447 319 1536 θήραν
342 1446 531 1518 ἀποκτείνει
553 1448 609 1516 καὶ
631 1446 857 1532 παρεσκεύασε
881 1449 1040 1534 λέγεσθαι
1063 1444 1144 1534 μετὰ

124 1553 164 1624 τὸ
188 1559 287 1643 ἔργον
308 1551 353 1634 ἀς
371 1552 436 1622 ὑπὸ
456 1557 588 1643 ληστεόν
607 1552 806 1642 ἀναιρεθείη
824 1552 862 1623 τὸ
882 1553 1065 1640 μειράκιον.
1103 1550 1144 1621 οὐ

124 1665 245 1750 μέντοι
272 1667 432 1749 κρείττων
462 1658 483 1749 ἡ
506 1659 754 1748 κατασκευαστὴ
783 1660 865 1742 δόξα
892 1663 951 1748 τῆς
973 1660 1144 1746 σιωπωμέ-

122 1795 191 1856 νης
225 1766 388 1856 ἀληθείας
425 1770 571 1856 ἐγένετο,
608 1765 692 1838 ἀλλά
724 1775 862 1846 πολλοῖς
897 1769 953 1836 καὶ
984 1764 1073 1854 παρὰ
1104 1764 1142 1835 τὸ

123 1875 277 1963 ἀσφαλές
301 1879 459 1964 ἐτολμᾶτο
483 1878 642 1964 λέγεσθαι
660 1873 699 1943 τὸ
717 1876 880 1962 πραχθέν.
921 1875 1081 1961 Νεμέτωρ
1106 1842 1184 1970 621}

122 1982 203 2072 ᾔδει
227 1981 289 2070 μέν
311 1981 349 2051 τὸ
374 1988 486 2070 ἔργον,
509 1986 657 2073 λογισμῷ
683 1981 720 2050 Ol
742 1986 907 2068 κρείττονι
930 1983 992 2048 τοῦ
1010 1979 1144 2058 πόθους

125 2088 302 2178 χρεόμενος
324 2087 469 2175 ἀγυοιαν
497 2088 674 2176 ἐσκήπτετο
703 2092 751 2168 είς
773 2084 1039 2174 ἀκινδυνότερον
1062 2082 1143 2154 ἀνα-

72 2197 298 2282 ιοεβαλέσθαι
331 2193 457 2281 χρόνον
485 2192 547 2282 τὴν
581 2192 687 2282 ἀργὴν
718 2192 999 2280 βουλευσόμενος.
1049 2190 1143 2279 Ἀμό-

124 2311 200 2382 λιος
219 2302 257 2396 (λέ
275 2299 316 2370 τὰ
334 2305 396 2370 τοῦ
414 2307 590 2389 μειρακίου
602 2298 783 2387 ὑπολαβὼν
803 2301 983 2386 λεληθέναι
1004 2298 1143 2388 δεύτερα

124 2409 208 2478 τάθε
232 2410 348 2478 έποίει·
379 2405 441 2495 τὴν
464 2409 637 2496 θυγατέρα
659 2411 721 2476 τοῦ
744 2409 936 2495 Νεμέτορος
956 2403 1074 2490 Ἰλίαν,
1098 2402 1142 2486 ὡς
1156 2427 1182 2468 ιο

126 2517 168 2584 δέ
188 2541 279 2594 τινες
301 2514 472 2603 γράφουσι
491 2512 589 2584 Ῥέαν
613 2513 736 2600 ὄνομα,
759 2519 927 2581 Σιλουΐαν
956 2510 986 2580 θ’
1013 2514 1143 2599 έπίκλη-

126 2643 200 2708 σιν,
224 2624 261 2690 έν
284 2619 372 2711 ἀκμῇ
395 2621 507 2708 γάμου
529 2623 717 2708 γενομένην
745 2623 872 2709 ἱέρειαν
900 2617 1143 2688 ἀποδείκνυσιν

120 2728 269 2814 Ἑστίας,
297 2725 342 2809 ὡς
369 2726 414 2815 μὴ
442 2727 560 2815 τάχιον
589 2732 636 2807 είς
663 2725 789 2814 ἀνδρὸς
817 2729 966 2795 ἐλθοῦσα
992 2729 1069 2814 τέκη
1096 2753 1143 2794 τι-

127 2835 264 2924 μωροὺς
285 2839 331 2927 τῷ
355 2836 455 2920 γένει.
495 2837 695 2914 πενταετοῦς
719 2833 756 2902 δέ
784 2831 845 2902 οὐκ
869 2832 992 2902 έλάττοι
1016 2832 1143 2921 χρόνου

126 2947 196 3010 ἔδει
214 2941 273 3022 τὰς
293 2939 384 3030 ίεράς
400 2941 504 3029 κόρας
522 2938 627 3028 όιγνάς
646 2945 814 3028 διαμεῖναι
837 2938 967 3027 γάμων,
991 2934 1044 3019 αἷς
1062 2937 1142 3006 ἀνα·
1157 2965 1183 3006 εε

199 3144 215 3192 2
234 3138 368 3207 νεμίτορα
386 3135 491 3206 passim
509 3136 555 3190 Ba
572 3134 711 3206 νεμέτοροι
730 3136 806 3191 ABb
878 3141 895 3190 4
913 3133 962 3190 καλ
980 3129 1053 3189 κατὰ
1073 3133 1119 3188 Bb
1136 3133 1140 3206 λ

126 3213 290 3264 τελευταῖον
309 3208 356 3262 Bb
437 3205 555 3273 θέρωτι
577 3207 627 3260 τοῦ
652 3203 689 3277 μὴ
715 3207 873 3278 Stephanus
956 3205 1143 3274 λπαυθῆναι

126 3281 204 3334 ABb
248 3275 524 3350 ’8<αί>γεστονΒ
543 3277 631 3334 etsie
650 3295 760 3348 semper
833 3284 865 3332 14
885 3272 998 3346 ἐγένετο
1016 3277 1142 3346 ΑΙπολ-

126 3355 186 3413 λοίς
205 3350 255 3406 καί
272 3351 295 3404 Β
314 3350 363 3405 καλ
381 3367 409 3404 π.
429 3350 454 3404 R
509 3355 543 3404 20
563 3344 674 3404 ίλοάιαν
692 3349 714 3402 Β
769 3356 801 3403 21
823 3347 933 3403 ίουλίαν
951 3347 977 3402 Α
997 3346 1143 3404 ίλουίανΒ

127 3423 256 3478 σιλουίαν
280 3420 434 3476 Glareanus
516 3427 550 3476 23
574 3413 644 3476 ὥστε
669 3421 722 3474 ΑΒ
804 3426 838 3474 24
861 3419 1096 3489 τριακονταετοῦς
1119 3437 1143 3474 ο.

127 3491 292 3562 Glareanus,
314 3492 436 3562 Sylburg
