2682 3982
550 269 584 282 ··
622 243 716 295 Γ-
921 303 925 310 ,
1074 239 1140 306 293

124 428 193 491 μου
218 401 337 489 τύχην·
370 402 403 482 έξ
433 397 594 487 ὁποτέρας
622 398 655 467 δ’
680 395 724 468 ἀν
747 399 875 481 πόλεως
901 404 936 469 οί
955 401 1141 488 κρατήσαν-

123 535 177 590 τες
203 513 272 578 τῶν
299 506 492 577 ἀντιπάλων
519 509 702 594 γένωνται,
730 507 834 596 ταύτη
862 506 1141 595 συγχωρήσαιμεν

124 615 242 704 ἄρχειν
264 618 323 702 τής
346 615 468 702 ἑτέρας.
509 610 617 682 ὁπόσα
639 611 772 701 γὰρμὴ
797 616 973 700 διαιρεῖται
996 611 1061 681 ύπδ
1085 613 1146 692 λό-·

124 747 204 809 γου,
227 725 332 790 ταῦτα
353 716 418 788 ὑπὸ
441 722 510 788 τῶν
533 717 647 788 ὅπλων
670 724 828 806 κρίνεται.

155 915 158 920 ,
214 829 287 897 ΧΠ.
323 825 371 894 Τά
402 825 465 914 μὲν
498 823 540 912 δή
572 826 738 913 λεχθέντα
767 819 844 916 περὶ
872 827 932 914 τής
959 824 1168 914 ήγεμονίαςῠ

124 939 192 1005 τῶν
219 933 352 1004 πόλεων
384 931 591 1020 δικαιώματα
623 929 681 1001 ὑπ’
710 930 912 1023 ἀμφοτέρων
943 938 1012 1002 τῶν
1043 953 1142 1022 στρα-

124 1045 237 1130 τηγῶν
266 1039 380 1110 τοιοίδε
407 1029 465 1126 ήν·
496 1040 592 1120 τέλος
619 1039 657 1108 δὲ
683 1043 763 1120 τοῖς
781 1039 897 1128 λόγοις
923 1038 1036 1109 αύτῶν
1063 1038 1148 1126 ήκω·

124 1147 297 1235 λούθησεν
326 1141 402 1216 οἷον
426 1144 444 1215 ὁ
468 1144 630 1234 Ῥωμαῖος
656 1143 844 1216 ὑπετίθετο.
891 1150 926 1215 οί
946 1145 1010 1234 γάρ
1035 1147 1072 1215 έν
1094 1148 1141 1238 τῷ

69 1254 281 1347 441συλλόγφ
301 1252 466 1344 παρόντες
480 1251 653 1340 Ἀλβανῶν
676 1279 711 1323 τε
734 1256 791 1323 καὶ
808 1251 982 1342 Ῥωμαίων
1005 1265 1142 1340 ταχεῖαν

125 1358 322 1449 ἀπαλλαγὴν
344 1363 406 1430 τού
428 1361 577 1448 πολέμου
595 1360 804 1448 ποιήσασθαι
827 1364 1002 1449 ζητοῦντες
1025 1357 1142 1439 ὅπλοις
1156 1386 1182 1426 ιο

124 1465 163 1536 τὸ
196 1480 307 1547 νεῖκος
340 1473 493 1554 ἔγνωσαν
526 1470 659 1537 διελεῖν.
709 1468 989 1556 συγχωρηθέντος
1022 1464 1060 1532 δὲ
1086 1466 1142 1532 καὶ

125 1572 250 1642 τούτου
271 1573 431 1659 περὶτοῦ
454 1571 609 1660 πλήθους
630 1576 699 1641 τῶν
722 1571 986 1660 ἀγωνιουμένων
1011 1570 1142 1658 ζήτησις

126 1682 254 1766 ἐγένετο
283 1677 325 1748 ού
351 1677 414 1766 τήν
443 1677 549 1767 αύτήν
573 1680 732 1766 ἑκατέρου
759 1682 826 1748 τῶν
850 1681 1045 1768 στρατηγῶν
1069 1676 1142 1744 διό-

126 1783 548 1874 νοιαν-ἀποδεικνυμένου.
597 1785 726 1866 Τύλλος
749 1785 810 1872 μὲν
835 1783 900 1874 γάρ
924 1782 1081 1870 έβούλετο
1104 1782 1182 1850 έν2

125 1895 311 1981 ἐλαχίστοις
342 1891 473 1980 σῶμασι
509 1891 670 1978 γενέσθαι
701 1889 763 1978 τήν
795 1895 856 1960 τού
892 1891 1041 1977 πολέμου
1072 1893 1142 1978 κρί
1157 1905 1183 1946 1⁵

126 2019 182 2068 σιν
211 1998 288 2080 ἑνός
312 1997 478 2086 Ἀλβανοῦ
508 2003 570 2068 τοῦ
597 1997 835 2087 λαμπροτάτου
865 1995 949 2088 πρὸς
982 1999 1041 2065 ἕνα
1065 1992 1143 2064 Ῥω·

126 2120 228 2194 μαῖον
249 2103 312 2175 τὸν
335 2104 476 2193 ἀριστον
498 2105 796 2194 μονομαχήσοντος
819 2106 876 2173 καὶ
898 2104 1077 2192 πρόθυμος
1099 2094 1143 2188 ἦν

126 2209 227 2292 αύτὸς
253 2210 338 2301 ὑπὲρ
367 2215 428 2300 τῆς
457 2213 580 2282 ἑαυτοῦ
609 2215 771 2301 πατρίδος
799 2209 1035 2299 ἀγωνίσασθαι
1063 2232 1144 2297 προ-

124 2317 333 2404 καλούμενος
355 2322 404 2398 είς
425 2317 488 2406 τήν
512 2307 634 2405 ὁμοίαν
662 2322 859 2405 φιλοτιμίαν
886 2315 948 2386 τὸν
968 2314 1144 2402 Ἀλβανόν,

125 2422 249 2505 καλούς
276 2423 479 2512 ἀποφαίνων
506 2438 578 2506 τοῖς
604 2422 807 2512 ἀνειληφόσι
834 2421 893 2504 τάς
914 2426 983 2492 τῶν
1007 2441 1143 2511 στρατο-
1157 2435 1184 2477 ²0

124 2531 238 2600 πέδων
275 2527 458 2619 ἡγεμονίας
493 2529 573 2612 τοὺς
604 2529 688 2621 ὑπὲρ
722 2529 825 2620 ἀρχῆς
856 2532 912 2599 καὶ
945 2533 1145 2608 δυναστείας

125 2634 275 2723 ἀγῶνας,
304 2635 346 2706 ού
373 2637 482 2726 μόνον
511 2636 570 2707 έάν
600 2637 787 2726 νικήσωσιν
819 2635 973 2725 ἀγαθοὺς
1004 2634 1145 2725 ἀνδρας,

126 2741 212 2811 ἀλλά
234 2739 298 2812 κάν
322 2742 420 2814 αύτοί
437 2747 654 2832 κρατηθῶσιν
673 2741 732 2814 ἀπ’
753 2742 907 2832 ἀγαθῶν,
929 2733 985 2812 καὶ
1009 2740 1145 2823 διεξιῶν

128 2846 203 2918 ὅσοι
227 2852 406 2940 στρατηγοὶ
433 2851 489 2919 καὶ
516 2856 666 2938 βασιλεῖς
693 2849 753 2932 τάς
781 2853 910 2920 ἑαυτῶν
933 2848 1043 2937 φνχάς
1064 2871 1145 2937 προ-

126 2958 348 3024 κινδυνεῦσαι
370 2959 440 3025 τῶν
467 2960 594 3026 κοινῶν
621 2958 791 3044 παρέσχον
820 2954 936 3024 δεινόν
959 2952 1144 3041 ἡγούμενοι
1158 2971 1185 3014 2⁵

126 3063 196 3130 τῶν
226 3060 288 3148 μὲν
317 3065 423 3149 τιμῶν
454 3063 557 3132 πλέον
587 3059 684 3130 αὐτοὶ
713 3063 894 3150 φέρεσθαι,
920 3063 989 3128 τῶν
1018 3058 1056 3126 δὲ
1085 3049 1145 3126 πό-

127 3191 200 3235 νων
224 3171 371 3237 ἔλαττον.
418 3165 436 3236 ὁ
465 3167 503 3237 δὲ
521 3165 685 3255 Ἀλβανδς
710 3165 749 3236 τὸ
779 3165 842 3254 μὲν
865 3163 992 3252 ὀλίγοις
1015 3158 1185 3250 σῶμασι3

200 3313 217 3364 2
239 3304 388 3378 ταύτη.Β
415 3305 520 3380 ταύτης
542 3311 568 3366 Α
651 3317 685 3366 14
709 3305 999 3433 ἀποδεικνυμέν<ου>
1021 3307 1045 3362 Β
1073 3301 1144 3362 ἀπο-

128 3378 323 3450 δεικνυμένων
340 3381 367 3436 R
382 3383 386 3450 Ι
403 3376 435 3436 έν
453 3382 476 3436 Β
495 3383 589 3438 om.R
662 3387 696 3437 16
714 3377 848 3451 βωμαίων
894 3379 942 3434 aR
1014 3383 1048 3433 1⁷
1062 3397 1145 3449 μονο-

128 3445 349 3592 όόίίίαίόζίιῗ
359 3525 389 3578 ιι
406 3453 670 3580 ίῗάἰῖἶιῗῖιδιι
689 3445 958 3579 Ξθόόίῶῖδθὶὼ
976 3447 1105 3522 ”mm
1120 3447 1144 3505 ⁰
