2682 3982
619 196 783 249 ..Β-

194 351 287 440 θμὸν
311 351 420 439 ὄντες,
451 350 561 441 ὥσπερ
581 359 683 442 ἔφην,
707 354 958 443 διενεμήθησαν
982 359 1029 434 είς
1052 353 1211 453 δεκάδας·

196 465 306 530 ἔπειτα
339 459 649 548 διακληρωσάμενοι
684 475 754 542 τοῖς
784 466 925 530 λαλοῦσι
958 463 1038 530 δέκα
1065 460 1212 546 πράτοις

195 563 424 638 ἀπέδωκαν”
404 594 519 655 αρχειν
552 571 611 654 τής
641 567 768 647 πόλεως
799 566 862 656 τὴν
890 564 1120 656 αὐτοκράτορα
1152 563 1211 654 ἀρ-

155 673 267 760 2χήν.
314 669 491 744 ἐκεῖνοιδ
518 669 580 806 οήχ
604 670 672 760 ἅμα
693 673 815 755 πάντες
838 675 1052 761 ἐβασίλευον,
1075 669 1148 741 ἀλλ’
1176 676 1211 741 ἐκ

155 777 395 870 εδιαδοχής“
378 781 502 908 ημέρας
520 781 617 848 πέντε
637 781 784 865 ἕκαστος,
808 782 845 848 ἐν
864 779 971 860 αίς’
931 807 991 860 τας
1007 806 1043 848 τε
1063 778 1212 868 ῥάβδους
1329 819 1330 824 1

196 884 262 972 εἶχε
291 887 348 955 καὶ
379 883 420 954 τὰ
452 883 552 956 λοιπά
578 889 637 972 τής
665 889 839 974 βασιλικῆς
866 889 1020 968 ἐξουσίας
1049 886 1210 974 σύμβολα.

195 995 382 1080 παρεδίδου
409 990 441 1058 δ’
468 989 485 1060 ὁ
515 997 646 1080 πρῶτος
673 991 775 1082 ἀρξας
802 997 847 1085 τῷ
877 995 1021 1084 δευτέρῳ
1050 991 1113 1080 τήν
1135 990 1210 1080 ήγε-

95 1103 98 1114 '
196 1106 319 1187 μονίαν
342 1096 495 1179 κάκεῖνος
516 1103 562 1191 τῷ
581 1105 681 1190 τρίτῳ
700 1099 756 1168 καὶ
774 1097 866 1169 τοῦτ’
889 1102 1017 1187 ἐγίνετο
1035 1101 1131 1187 μέχρι
1149 1101 1210 1166 τοῦ

195 1210 397 1275 τελευταίου.
434 1205 672 1293 διεξελθούσης
697 1206 734 1274 δέ
753 1221 823 1286 τοῖς
841 1205 986 1294 πράτοις
1005 1207 1083 1274 δέκα
1103 1210 1210 1291 [βασι-

157 1337 183 1378 ιο
196 1314 305 1396 λεῦσι]
328 1315 387 1400 τῆς
414 1313 735 1400 πεντηκονθημέρου
762 1319 972 1400 προθεσμίας
1002 1315 1107 1401 ἕτεροι
1132 1313 1211 1380 δέκα

196 1415 259 1504 τήν
295 1415 403 1506 ἀρχήν
439 1418 700 1508 παρελάμβανον
734 1419 791 1488 καὶ
826 1417 904 1506 παρ’
935 1421 1074 1489 ἐκείνων
1110 1411 1212 1497 αὖθις

157 1521 178 1587 3
197 1521 302 1594 ἀλλοι.
333 1526 413 1614 ἐπεὶ
432 1523 464 1594 δ’
483 1528 575 1608 ἔδοξε
592 1525 749 1618 τῷδήμῳ
766 1529 893 1598 παῦσαι
910 1525 969 1606 τάς
987 1528 1271 1614 δεκαδαρχίας358

197 1627 377 1722 ἀχθομένῳ
399 1646 472 1712 ταῖς
495 1636 693 1720 μεταβολαῖς
715 1636 784 1702 τῶν
807 1633 969 1714 ἐξουσιῶν
990 1630 1047 1698 διὰ
1069 1629 1107 1701 τὸ
1131 1630 1213 1719 μήτε
1323 1708 1325 1720 Ι

197 1739 408 1826 προαιρέσεις
428 1735 577 1818 ἅπαντας
605 1736 724 1826 ὁμοίας
751 1743 839 1825 ἐχειν
855 1726 949 1826 ἵμήτε
976 1737 1110 1824 φάσεις,
1137 1737 1214 1806 τότε

157 1865 184 1908 15
199 1841 241 1930 δὴ
270 1845 535 1930 συγκαλέσαντες
566 1850 614 1924 είς
645 1847 822 1932 ἐκκλησίαν
848 1844 887 1916 τὸ
914 1848 1045 1932 πλῆθος
1074 1846 1109 1912 οί
1133 1849 1214 1930 βου.

198 1954 311 2022 λενταλ
339 1948 422 2020 κατά
450 1950 560 2039 φυλάς
591 1978 627 2022 τε
654 1954 710 2020 καὶ
737 1951 890 2042 φράτρας
918 1949 1095 2020 ἀπέδωκαν
1123 1947 1214 2040 αὐτῷ
1329 1995 1330 2034 ,

197 2057 357 2143 περὶτοῦ
384 2057 514 2186 κήσμου
540 2061 600 2145 τής
621 2065 791 2138 πολιτείας
819 2068 971 2144 σκοπεῖν,
994 2065 1060 2128 εἴτε
1082 2061 1218 2143 βασιλεῖ

197 2162 355 2247 βούλεται
382 2161 422 2232 τά
449 2162 547 2232 κοινά
575 2167 761 2253 ἐπιτρέπειν
788 2174 853 2235 είτε
881 2162 998 2252 ἀρχαῖς
1019 2166 1227 2242 ἐνιαυσίοις.

162 2267 301 2340 4οά
262 2295 329 2356 μην
353 2267 373 2337 ὅ
394 2295 433 2376 με
455 2273 563 2357 δῆμος
586 2268 639 2358 ἐφ’
666 2271 772 2363 ἐαυτῷ
799 2269 862 2358 τήν
890 2273 1022 2358 αἵρεσιν
1046 2271 1215 2356 ἐποίησεν,

157 2399 185 2440 εο
198 2372 271 2444 ἀλλ’
302 2373 453 2446 ἀπέδωκε
489 2391 560 2456 τοῖς
595 2339 794 2464 βουλευτάῖς
829 2375 891 2465 τήν
928 2375 1130 2463 διάγνωσιν,
1168 2373 1215 2456 ὡς
1329 2439 1330 2460 2

197 2477 380 2568 ἀγαπήσων
404 2479 613 2586 ὁποτέραν”
593 2511 636 2554 αν
655 2485 778 2554 ἐκεῖνοι
799 2481 1007 2570 δοκιμάσωσι
1030 2485 1098 2552 τῶν
1120 2490 1215 2552 πολι-

197 2609 310 2654 τειων·
342 2602 412 2667 τοῖς
441 2587 478 2656 δὲ
505 2589 682 2676 βασιλικήν
711 2589 774 2676 μὲν
804 2589 913 2658 ἐδόκει
939 2587 1215 2676 καταστήσασθαι
1329 2601 1330 2604 ’

197 2699 367 2762 πολιτείαν
391 2691 505 2780 ἅπασι,
527 2695 603 2784 περὶ
623 2694 661 2764 δέ
683 2699 745 2764 τοῦ
764 2698 943 2783 μέλλοντος
965 2693 1080 2782 ἀρξειν
1099 2693 1214 2775 στάσις

199 2801 372 2869 ἐνέπιπτεν
399 2801 433 2883 ἐξ
462 2798 623 2890 ὁποτέρας
653 2808 744 2872 ἔσται
771 2803 901 2885 τάξεως.
948 2805 983 2871 oc
1003 2801 1065 2889 μὲν
1088 2799 1151 2891 γὰρ
1176 2803 1212 2870 ἐκ

158 2926 185 2970 ω
199 2909 268 2974 τῶν
299 2905 449 2995 ἀρχαίων
480 2912 674 2995 βουλευτῶν
711 2907 819 3002 ᾤοντο
856 2912 930 2978 δεῖν
967 2906 1213 2996 ἀποδειχθῆναι

198 3011 259 3082 τὸν
282 3012 563 3101 ἐπιτροπεύσοντα
586 3013 649 3102 τήν
670 3015 786 3102 πόλιν,
811 3019 846 3084 οῖ
868 3013 899 3082 δ’
921 3017 957 3084 ἐκ
979 3019 1047 3086 τῶν
1070 3013 1212 3104 ὕστερον
1329 3045 1330 3060 ¹

199 3120 482 3209 ἐπεισαχθέντων,
506 3117 567 3202 οὓς
588 3123 774 3209 νεωτέρους
796 3120 949 3190 ἐκάλουν.

271 3309 340 3370 4κέ
359 3333 412 3370 om.
431 3317 478 3372 Βα
559 3315 740 3405 9βασιλεθσι
758 3316 812 3372 del.
831 3317 976 3382 Bticheles,
999 3315 1215 3387 μεσοβασιλεῦσι
1329 3307 1330 3322 ’

199 3403 223 3442 ο.
241 3386 345 3441 Reiske
418 3392 450 3442 12
471 3383 581 3442 ἐπεὶδ’
601 3386 704 3442 Reiske
724 3383 822 3442 ἔπειτα
837 3387 859 3442 Ο
877 3391 881 3456 Ι
897 3387 1128 3472 δεκαδαρχίαςΒ
1151 3389 1215 3442 δεκ-

190 3477 252 3528 αρχ
255 3458 334 3520 ίαςΒ
389 3463 421 3514 19
438 3453 517 3526 ἐφ’
502 3477 606 3513 εαυτου
593 3458 763 3528 Kiessling
776 3459 937 3514 dubitanter
996 3465 1031 3513 24
1049 3451 1103 3527 χάρ
1122 3458 1215 3513 om.B
