2682 3982
630 197 794 250 ..Β-

207 359 313 426 πέδου
337 356 442 445 ζόφου
464 356 738 444 κατασκήψαντος
761 359 795 438 ἐξ
819 361 956 444 αἰθρίας
978 356 1034 423 καὶ
1057 361 1222 442 χειμῶνος

208 465 356 553 μεγάλου
387 463 653 554 καταρραγέντος
684 461 799 551 άφανῆ
836 466 998 550 γενέσθαι
1033 462 1089 530 καί
1126 485 1221 530 πεπι-

207 570 386 639 στεύκασιν
408 567 473 639 ὑπὸ
496 574 558 639 τοῦ
576 567 700 656 πατρὸς
713 567 832 656 ’Ἁρεος
853 568 914 638 τὸν
937 568 1047 658 ἄνδρα
1070 565 1220 655 άνηρκά-

168 679 189 742 3
209 685 305 744 σθαι·
329 681 364 746 οί
382 677 419 744 δὲ
436 673 477 745 τά
495 675 712 765 πιθανώτερα
730 675 918 766 γράφοντες
931 674 1015 764 πρὸς
1032 679 1100 746 τών
1120 680 1219 744 ἰδίων
1332 747 1333 770 3

167 810 180 850 ε
206 785 353 852 πολιτών
386 785 545 877 λέγουσιν
577 781 683 852 αὐτὸν
713 781 912 851 ἀποθανεῖν.
958 787 1068 851 αἰτίαν
1097 781 1134 850 δὲ
1161 783 1220 869 τῆς
1332 773 1333 834 3

205 885 410 1017 άναιρέσεφς
437 887 541 958 αὐτοῦ
570 891 713 977 φέρουσι
740 889 802 977 τήν
829 916 864 958 τε
892 887 1015 976 άφεσιν
1041 891 1110 956 τών
1138 886 1220 976 ὁμή-

208 1022 295 1084 ρων,
332 991 392 1075 ους
427 994 517 1126 παρά
555 993 770 1065 Οὐιεντανῶν
812 993 1005 1082 έλαβεν,”
983 1023 1085 1064 ανεν
1103 997 1220 1126 κοινῆς

206 1101 341 1232 γνώμης
363 1102 552 1188 γενομένην
570 1101 660 1191 παρὰ
682 1100 720 1170 τὸ
739 1101 873 1188 εἰωθός,
895 1101 1002 1170 καὶ
969 1129 1007 1172 το
1027 1099 1192 1190 μηκέτι
1159 1127 1220 1170 τον
1330 1139 1331 1142 “

206 1205 310 1278 αὐτὸν
338 1211 591 1298 προσφέρεσθαι
618 1209 745 1296 τρόπον
772 1224 844 1289 τοις
869 1207 1100 1297 ἀρχαιοτάτοις
1126 1213 1220 1276 πολί·

167 1341 194 1380 ιο
206 1341 279 1394 ταις
306 1315 361 1382 καί
388 1329 458 1394 τοῖς
484 1313 731 1404 προσγράφοις,
763 1312 848 1382 άλλά
877 1314 956 1396 τοὺς
987 1315 1049 1404 μέν
1077 1318 1114 1384 έν
1141 1317 1220 1404 τιμῇ

206 1427 337 1489 πλείονι
367 1419 479 1507 άγειν,
505 1425 575 1490 τών
603 1419 635 1488 δ’
666 1423 934 1508 ἐπεισαχθέντων
959 1419 1145 1510 ὑπερορᾶν,
1175 1419 1278 1489 τόσσα

206 1553 240 1595 τε
263 1525 358 1615 ώμόν
386 1526 490 1596 αὐτοῦ
517 1525 556 1597 τὸ
585 1529 661 1616 περὶ
683 1527 742 1609 τάς
766 1533 926 1617 τιμωρίας
948 1533 1016 1598 τών
1040 1531 1220 1616 ἐξαμαρτα-

205 1635 338 1702 νόντων
355 1635 422 1718 [καί
437 1633 612 1720 αὔθαδες],
627 1633 818 1726 (Ῥωμαίων
830 1635 895 1724 γάρ
909 1661 1003 1714 τινας
1017 1635 1070 1702 ἐπὶ
1084 1639 1222 1724 ληστείᾳ

205 1743 274 1808 τών
302 1740 544 1829 πλησιοχώρων
571 1744 864 1829 κατηγορηθέντας
892 1739 968 1810 οὔτε
996 1739 1138 1828 άφαυεῖς
1160 1739 1221 1808 άν-

166 1871 192 1911 ιε
207 1849 290 1934 δρας
313 1847 389 1917 οὔτε
413 1847 549 1935 ὀλίγους
572 1850 743 1918 ἐκέλευσεν
766 1839 851 1916 ώσαι
878 1846 962 1917 κατά
983 1851 1044 1918 τοῦ
1066 1850 1221 1936 κρημνοῦ

205 1951 267 2040 τὴν
292 1958 391 2041 δίκην
414 1952 516 2035 αὐτὸς
533 1953 639 2041 μόνος
657 1952 810 2044 δικάσας)
825 1952 966 2042 μάλιστα
987 1955 1024 2022 δὲ
1044 1951 1095 2022 ὅτι
1113 1952 1223 2042 βαρὺς
1332 1983 1333 2044 3

205 2057 272 2147 ἤδη
295 2061 351 2128 καί
373 2058 529 2146 αὐθάδης
556 2057 645 2128 εἰναι
673 2059 781 2128 ἐδόκει
808 2061 864 2128 καί
890 2058 953 2146 τὴν
976 2057 1084 2148 ἀρχὴν
1109 2057 1220 2128 οὐκέτι
1332 2097 1333 2100 “

166 2165 385 2253 4βασιλικώς
407 2165 492 2234 άλλίι
513 2165 804 2254 τυραννικώτερον
832 2165 972 2252 ἐξάγειν.
1019 2169 1076 2234 διὰ
1097 2165 1222 2246 ταότας

206 2271 248 2360 δὴ
278 2276 414 2360 λέγουσι
441 2271 499 2353 τὰς
526 2278 634 2352 αἰτίας
661 2272 848 2352 συστάντας
870 2271 919 2340 ἐπ’
945 2270 1036 2364 αὐτῷ
1059 2270 1138 2352 τοὺς
1160 2297 1219 2341 πα-

165 2387 353 2467 νοτρικίονς
375 2383 557 2464 βουλεῦσαι
575 2377 635 2448 τὸν
655 2378 777 2466 φόνον,
800 2382 921 2466 πρᾶξαι
941 2379 979 2447 δὲ
996 2378 1034 2448 τὸ
1059 2383 1160 2466 ἔργον
1181 2381 1219 2448 έν

204 2489 251 2577 τώ
284 2491 513 2577 βουλευτηρίῳ
545 2486 601 2554 καλ
630 2483 803 2567 διελόντας
829 2485 868 2556 τὸ
898 2489 994 2573 σώμα
1024 2483 1108 2554 κατά
1134 2485 1218 2573 μέρη

204 2591 305 2679 χάριν
328 2595 391 2660 τοῦ
414 2591 458 2680 μὴ
482 2596 634 2680 φανηναι
656 2591 717 2662 τὸν
740 2590 862 2682 νεκρὸν
882 2593 1031 2690 ἐξελθεῖν
1054 2591 1219 2682 κρύπτον-

204 2725 264 2778 τας
295 2697 360 2767 ὑπὸ
393 2709 466 2778 ταῖς
496 2697 735 2786 περιβολαίς”
716 2718 799 2768 οσον
832 2701 967 2778 ἕκαστος
997 2695 1085 2785 εἰχεν
1114 2697 1218 2767 αὐτοῦ

165 2801 186 2867 5
206 2807 306 2892 μέρος
327 2805 384 2872 καὶ
407 2802 487 2892 μετὰ
509 2809 610 2874 τοῦτο
633 2833 676 2895 γη
694 2806 820 2895 κρύψαι
843 2803 986 2874 κατὰτὸ
1010 2803 1221 2892 ἀφανές.οἰ

165 2909 239 2978 ταδ’
264 2910 521 2998 ἐκκλησιάζοντα
543 2909 669 2998 μέν’
629 2911 732 2980 αυτόν
755 2931 861 3000 φασιν
884 2909 950 2981 ὑπὸ
973 2914 1041 2980 τών
1065 2919 1218 2980 νεοπολι-

104 3032 113 3056 “
203 3021 272 3087 τών
300 3016 472 3105 Ρωμαίων
509 3014 754 3106 άναιρεθηναι,
786 3019 992 3106 ἐπιχειρῆσαι
1029 3015 1060 3085 δ’
1095 3015 1219 3098 αὐτοὺς
1332 3067 1333 3072 1

276 3172 401 3246 θάρεως
419 3178 467 3233 Aa
489 3179 535 3233 Ba
611 3185 628 3232 4
651 3171 837 3262 πιθανώτεροι
861 3179 886 3231 Α
909 3179 1038 3264 (anchore
1057 3176 1206 3236 Ambrosio

205 3248 347 3304 etReiske
369 3244 600 3304 πνθανώτοιταΒ
676 3253 692 3302 8
716 3245 747 3302 τὸ
773 3265 826 3302 om.
851 3249 904 3302 AB
981 3255 997 3303 9
1020 3244 1057 3316 άρ
1059 3249 1148 3316 χαίοις
1170 3265 1207 3304 ve

204 3314 440 3390 άρχαιοτίροιςο.
455 3321 557 3376 Reiske
631 3315 666 3373 12'
683 3313 715 3372 τὸ
736 3335 790 3374 om
806 3317 828 3373 B
902 3325 935 3374 13
954 3319 1003 3375 καὶ
1017 3317 1149 3381 ανθαδες
1162 3319 1217 3375 del

203 3390 340 3516 Βέίίοὴεὶεχ
395 3397 429 3445 14
447 3389 775 3460 κατηγορηθέντοςΒο
808 3396 840 3444 16
860 3387 892 3445 δέ
908 3408 961 3446 om
977 3391 1023 3446 Ba
1077 3397 1112 3444 24
1126 3383 1219 3460 τάφοι-

203 3479 317 3522 νςιηε
342 3479 368 3514 m
