<?xml version="1.0" encoding="UTF-8"?>
<!DOCTYPE html PUBLIC "-//W3C//DTD XHTML 1.0 Transitional//EN"
    "http://www.w3.org/TR/xhtml1/DTD/xhtml1-transitional.dtd">
<html xmlns="http://www.w3.org/1999/xhtml" xml:lang="en" lang="en">
 <head>
  <title>
</title>
<meta http-equiv="Content-Type" content="text/html;charset=utf-8" />
  <meta name='ocr-system' content='tesseract 3.04.00' />
  <meta name='ocr-capabilities' content='ocr_page ocr_carea ocr_par ocr_line ocrx_word'/>
</head>
<body>
  <div class='ocr_page' id='page_1' title='image "./dionysihalicarn05diongoog_0261.png"; bbox 0 0 2682 3982; ppageno 0'>
   <div class='ocr_carea' id='block_1_1' title="bbox 200 235 789 301">
    <p class='ocr_par' dir='ltr' id='par_1_1' title="bbox 200 235 789 301">
     <span class='ocr_line' id='line_1_1' title="bbox 200 235 789 301; baseline 0.003 -1"><span class='ocrx_word' id='word_1_1' title='bbox 200 235 265 301; x_wconf 83' lang='lat'><strong><em>250</em></strong></span> <span class='ocrx_word' id='word_1_2' title='bbox 625 235 789 289; x_wconf 87' lang='grc' dir='ltr'><strong><em>-Β-</em></strong></span> 
     </span>
    </p>
   </div>
   <div class='ocr_carea' id='block_1_2' title="bbox 199 368 1335 482">
    <p class='ocr_par' dir='ltr' id='par_1_2' title="bbox 199 368 1335 482">
     <span class='ocr_line' id='line_1_2' title="bbox 199 368 1335 482; baseline 0.001 -18"><span class='ocrx_word' id='word_1_3' title='bbox 199 422 280 482; x_wconf 81' lang='grc' dir='ltr'><strong><em>νου,</em></strong></span> <span class='ocrx_word' id='word_1_4' title='bbox 307 399 450 464; x_wconf 78' lang='grc' dir='ltr'><strong><em>Αἰνείου</em></strong></span> <span class='ocrx_word' id='word_1_5' title='bbox 478 393 530 480; x_wconf 80' lang='grc' dir='ltr'><strong><em>δδ,</em></strong></span> <span class='ocrx_word' id='word_1_6' title='bbox 564 391 611 463; x_wconf 77' lang='grc' dir='ltr'><strong><em>ὅτ’</em></strong></span> <span class='ocrx_word' id='word_1_7' title='bbox 643 399 767 480; x_wconf 78' lang='grc' dir='ltr'><strong><em>ἔφυγεν</em></strong></span> <span class='ocrx_word' id='word_1_8' title='bbox 800 395 836 462; x_wconf 82' lang='grc' dir='ltr'><strong><em>ἐκ</em></strong></span> <span class='ocrx_word' id='word_1_9' title='bbox 866 398 926 481; x_wconf 80' lang='grc' dir='ltr'><strong><em>τῆς</em></strong></span> <span class='ocrx_word' id='word_1_10' title='bbox 956 393 1118 480; x_wconf 85' lang='grc' dir='ltr'><strong><em>Τρωάδος</em></strong></span> <span class='ocrx_word' id='word_1_11' title='bbox 1144 391 1217 481; x_wconf 84' lang='grc' dir='ltr'><strong><em>ἅμα</em></strong></span> <span class='ocrx_word' id='word_1_12' title='bbox 1334 368 1335 374; x_wconf 16' lang='lat'>¹</span> 
     </span>
    </p>
   </div>
   <div class='ocr_carea' id='block_1_3' title="bbox 157 497 1337 3258">
    <p class='ocr_par' dir='ltr' id='par_1_3' title="bbox 157 497 1337 3258">
     <span class='ocr_line' id='line_1_3' title="bbox 198 497 1217 587; baseline -0.003 -16"><span class='ocrx_word' id='word_1_13' title='bbox 198 517 268 582; x_wconf 75' lang='grc' dir='ltr'><strong><em>τοῖς</em></strong></span> <span class='ocrx_word' id='word_1_14' title='bbox 291 501 406 581; x_wconf 86' lang='grc' dir='ltr'><strong><em>ἀλλοις</em></strong></span> <span class='ocrx_word' id='word_1_15' title='bbox 430 502 487 569; x_wconf 81' lang='grc' dir='ltr'><strong><em>καὶ</em></strong></span> <span class='ocrx_word' id='word_1_16' title='bbox 513 504 618 570; x_wconf 86' lang='grc' dir='ltr'><strong><em>ταῦτα</em></strong></span> <span class='ocrx_word' id='word_1_17' title='bbox 639 503 841 587; x_wconf 88' lang='grc' dir='ltr'><strong><em>κομίσαντος</em></strong></span> <span class='ocrx_word' id='word_1_18' title='bbox 857 505 916 581; x_wconf 69' lang='grc' dir='ltr'><strong><em>ἐίς</em></strong></span> <span class='ocrx_word' id='word_1_19' title='bbox 935 497 1095 586; x_wconf 82' lang='grc' dir='ltr'><strong><em>Ἰταλίαν,</em></strong></span> <span class='ocrx_word' id='word_1_20' title='bbox 1119 504 1156 567; x_wconf 88' lang='grc' dir='ltr'><strong><em>οί</em></strong></span> <span class='ocrx_word' id='word_1_21' title='bbox 1177 499 1217 568; x_wconf 75' lang='grc' dir='ltr'><strong><em>δὲ</em></strong></span> 
     </span>
     <span class='ocr_line' id='line_1_4' title="bbox 198 602 1213 694; baseline -0.003 -17"><span class='ocrx_word' id='word_1_22' title='bbox 198 607 236 677; x_wconf 89' lang='grc' dir='ltr'><strong><em>τὸ</em></strong></span> <span class='ocrx_word' id='word_1_23' title='bbox 265 607 414 688; x_wconf 72' lang='grc' dir='ltr'><strong><em>διοπετὲς</em></strong></span> <span class='ocrx_word' id='word_1_24' title='bbox 441 606 640 676; x_wconf 74' lang='grc' dir='ltr'><strong><em>Παλλάδιον</em></strong></span> <span class='ocrx_word' id='word_1_25' title='bbox 672 605 920 694; x_wconf 85' lang='grc' dir='ltr'><strong><em>ἀποφαίνοντες</em></strong></span> <span class='ocrx_word' id='word_1_26' title='bbox 947 604 1035 675; x_wconf 71' lang='grc' dir='ltr'><strong><em>εἶναι</em></strong></span> <span class='ocrx_word' id='word_1_27' title='bbox 1066 604 1105 675; x_wconf 87' lang='grc' dir='ltr'><strong><em>τὸ</em></strong></span> <span class='ocrx_word' id='word_1_28' title='bbox 1132 602 1213 694; x_wconf 87' lang='grc' dir='ltr'><strong><em>παρ’</em></strong></span> 
     </span>
     <span class='ocr_line' id='line_1_5' title="bbox 196 710 1214 808; baseline -0.004 -24"><span class='ocrx_word' id='word_1_29' title='bbox 196 711 330 784; x_wconf 78' lang='grc' dir='ltr'><strong><em>Ἰλιεῦσι</em></strong></span> <span class='ocrx_word' id='word_1_30' title='bbox 357 715 559 804; x_wconf 83' lang='grc' dir='ltr'><strong><em>γενόμενον,</em></strong></span> <span class='ocrx_word' id='word_1_31' title='bbox 587 713 632 796; x_wconf 81' lang='grc' dir='ltr'><strong><em>ὡς</em></strong></span> <span class='ocrx_word' id='word_1_32' title='bbox 659 719 800 786; x_wconf 78' lang='grc' dir='ltr'><strong><em>Αἰνείου</em></strong></span> <span class='ocrx_word' id='word_1_33' title='bbox 827 719 1029 808; x_wconf 77' lang='grc' dir='ltr'><strong><em>κυμίσαντος</em></strong></span> <span class='ocrx_word' id='word_1_34' title='bbox 1058 710 1139 782; x_wconf 87' lang='grc' dir='ltr'><strong><em>αύτδ</em></strong></span> <span class='ocrx_word' id='word_1_35' title='bbox 1165 710 1214 780; x_wconf 88' lang='grc' dir='ltr'><strong><em>δι’</em></strong></span> 
     </span>
     <span class='ocr_line' id='line_1_6' title="bbox 159 816 1215 910; baseline -0.002 -20"><span class='ocrx_word' id='word_1_36' title='bbox 159 825 390 910; x_wconf 73' lang='grc' dir='ltr'><strong><em>εέμπειρίαν,</em></strong></span> <span class='ocrx_word' id='word_1_37' title='bbox 419 819 561 910; x_wconf 83' lang='grc' dir='ltr'><strong><em>Ἀχαιιῦν</em></strong></span> <span class='ocrx_word' id='word_1_38' title='bbox 594 821 633 890; x_wconf 72' lang='grc' dir='ltr'><strong><em>δὲ</em></strong></span> <span class='ocrx_word' id='word_1_39' title='bbox 663 819 701 890; x_wconf 86' lang='grc' dir='ltr'><strong><em>τὸ</em></strong></span> <span class='ocrx_word' id='word_1_40' title='bbox 733 827 864 909; x_wconf 88' lang='grc' dir='ltr'><strong><em>μίμημα</em></strong></span> <span class='ocrx_word' id='word_1_41' title='bbox 898 816 1004 890; x_wconf 87' lang='grc' dir='ltr'><strong><em>αύτοῦ</em></strong></span> <span class='ocrx_word' id='word_1_42' title='bbox 1037 818 1215 906; x_wconf 77' lang='grc' dir='ltr'><strong><em>λαβόντων</em></strong></span> 
     </span>
     <span class='ocr_line' id='line_1_7' title="bbox 198 919 1217 1018; baseline -0.003 -21"><span class='ocrx_word' id='word_1_43' title='bbox 198 933 319 1018; x_wconf 76' lang='grc' dir='ltr'><strong><em>κλοπῇ·</em></strong></span> <span class='ocrx_word' id='word_1_44' title='bbox 355 929 431 1016; x_wconf 82' lang='grc' dir='ltr'><strong><em>περί</em></strong></span> <span class='ocrx_word' id='word_1_45' title='bbox 467 919 510 996; x_wconf 83' lang='grc' dir='ltr'><strong><em>οὗ</em></strong></span> <span class='ocrx_word' id='word_1_46' title='bbox 544 929 664 996; x_wconf 80' lang='grc' dir='ltr'><strong><em>πολλοὶ</em></strong></span> <span class='ocrx_word' id='word_1_47' title='bbox 700 927 836 1016; x_wconf 90' lang='grc' dir='ltr'><strong><em>σφόδρα</em></strong></span> <span class='ocrx_word' id='word_1_48' title='bbox 876 936 1034 1015; x_wconf 85' lang='grc' dir='ltr'><strong><em>είρηνταν</em></strong></span> <span class='ocrx_word' id='word_1_49' title='bbox 1062 939 1217 1013; x_wconf 81' lang='grc' dir='ltr'><strong><em>ποιηταίς</em></strong></span> 
     </span>
     <span class='ocr_line' id='line_1_8' title="bbox 159 1030 1215 1124; baseline -0.002 -22"><span class='ocrx_word' id='word_1_50' title='bbox 159 1037 180 1102; x_wconf 87' lang='grc'><strong>6</strong></span> <span class='ocrx_word' id='word_1_51' title='bbox 198 1061 233 1103; x_wconf 84' lang='grc' dir='ltr'><strong><em>τε</em></strong></span> <span class='ocrx_word' id='word_1_52' title='bbox 255 1035 311 1103; x_wconf 83' lang='grc' dir='ltr'><strong><em>καὶ</em></strong></span> <span class='ocrx_word' id='word_1_53' title='bbox 334 1038 565 1124; x_wconf 74' lang='grc' dir='ltr'><strong><em>συγγραφεῦσι</em></strong></span> <span class='ocrx_word' id='word_1_54' title='bbox 588 1033 694 1121; x_wconf 87' lang='grc' dir='ltr'><strong><em>λόγοι.</em></strong></span> <span class='ocrx_word' id='word_1_55' title='bbox 736 1032 800 1122; x_wconf 75' lang='grc' dir='ltr'><strong><em>έγοδ</em></strong></span> <span class='ocrx_word' id='word_1_56' title='bbox 825 1033 863 1102; x_wconf 75' lang='grc' dir='ltr'><strong><em>δέ</em></strong></span> <span class='ocrx_word' id='word_1_57' title='bbox 883 1031 922 1102; x_wconf 89' lang='grc' dir='ltr'><strong><em>τὸ</em></strong></span> <span class='ocrx_word' id='word_1_58' title='bbox 941 1032 1004 1121; x_wconf 68' lang='grc' dir='ltr'><strong><em>μέν</em></strong></span> <span class='ocrx_word' id='word_1_59' title='bbox 1027 1030 1119 1102; x_wconf 84' lang='grc' dir='ltr'><strong><em>ελναί</em></strong></span> <span class='ocrx_word' id='word_1_60' title='bbox 1137 1059 1215 1101; x_wconf 89' lang='grc' dir='ltr'><strong><em>τινα</em></strong></span> 
     </span>
     <span class='ocr_line' id='line_1_9' title="bbox 197 1137 1336 1230; baseline -0.008 -20"><span class='ocrx_word' id='word_1_61' title='bbox 197 1157 269 1222; x_wconf 81' lang='grc' dir='ltr'><strong><em>τοῖς</em></strong></span> <span class='ocrx_word' id='word_1_62' title='bbox 290 1149 428 1222; x_wconf 67' lang='grc' dir='ltr'><strong><em>πολλοῖς</em></strong></span> <span class='ocrx_word' id='word_1_63' title='bbox 454 1139 564 1228; x_wconf 85' lang='grc' dir='ltr'><strong><em>ἀδηλα</em></strong></span> <span class='ocrx_word' id='word_1_64' title='bbox 591 1139 664 1230; x_wconf 84' lang='grc' dir='ltr'><strong><em>ίερά</em></strong></span> <span class='ocrx_word' id='word_1_65' title='bbox 687 1140 924 1228; x_wconf 73' lang='grc' dir='ltr'><strong><em>φυλαττόμενα</em></strong></span> <span class='ocrx_word' id='word_1_66' title='bbox 947 1137 1017 1208; x_wconf 80' lang='grc' dir='ltr'><strong><em>ὑπὸ</em></strong></span> <span class='ocrx_word' id='word_1_67' title='bbox 1033 1143 1108 1207; x_wconf 72' lang='grc' dir='ltr'><strong><em>Ι’τοῦν</em></strong></span> <span class='ocrx_word' id='word_1_68' title='bbox 1131 1163 1214 1227; x_wconf 87' lang='grc' dir='ltr'><strong><em>παρ-</em></strong></span> <span class='ocrx_word' id='word_1_69' title='bbox 1335 1189 1336 1200; x_wconf 68' lang='grc'>,</span> 
     </span>
     <span class='ocr_line' id='line_1_10' title="bbox 197 1243 1336 1335; baseline 0 -21"><span class='ocrx_word' id='word_1_70' title='bbox 197 1249 314 1316; x_wconf 86' lang='grc' dir='ltr'><strong><em>θένων</em></strong></span> <span class='ocrx_word' id='word_1_71' title='bbox 336 1247 392 1314; x_wconf 82' lang='grc' dir='ltr'><strong><em>καὶ</em></strong></span> <span class='ocrx_word' id='word_1_72' title='bbox 416 1243 456 1316; x_wconf 89' lang='grc' dir='ltr'><strong><em>ού</em></strong></span> <span class='ocrx_word' id='word_1_73' title='bbox 479 1245 517 1316; x_wconf 86' lang='grc' dir='ltr'><strong><em>τὸ</em></strong></span> <span class='ocrx_word' id='word_1_74' title='bbox 540 1251 607 1334; x_wconf 85' lang='grc' dir='ltr'><strong><em>πῦρ</em></strong></span> <span class='ocrx_word' id='word_1_75' title='bbox 635 1246 745 1335; x_wconf 89' lang='grc' dir='ltr'><strong><em>μόνον</em></strong></span> <span class='ocrx_word' id='word_1_76' title='bbox 760 1249 810 1316; x_wconf 83' lang='grc' dir='ltr'><strong><em>’έιι</em></strong></span> <span class='ocrx_word' id='word_1_77' title='bbox 835 1249 971 1316; x_wconf 80' lang='grc' dir='ltr'><strong><em>πολλῶν</em></strong></span> <span class='ocrx_word' id='word_1_78' title='bbox 998 1245 1090 1314; x_wconf 86' lang='grc' dir='ltr'><strong><em>πάνυ</em></strong></span> <span class='ocrx_word' id='word_1_79' title='bbox 1116 1271 1216 1314; x_wconf 80' lang='grc' dir='ltr'><strong><em>κατα-</em></strong></span> <span class='ocrx_word' id='word_1_80' title='bbox 1335 1253 1336 1284; x_wconf 67' lang='lat'><em>³</em></span> 
     </span>
     <span class='ocr_line' id='line_1_11' title="bbox 159 1350 1215 1440; baseline -0.001 -18"><span class='ocrx_word' id='word_1_81' title='bbox 159 1383 185 1422; x_wconf 82' lang='grc' dir='ltr'><strong><em>ιο</em></strong></span> <span class='ocrx_word' id='word_1_82' title='bbox 198 1352 426 1440; x_wconf 78' lang='grc' dir='ltr'><strong><em>λαμβάνομαι,</em></strong></span> <span class='ocrx_word' id='word_1_83' title='bbox 456 1359 534 1422; x_wconf 89' lang='grc' dir='ltr'><strong><em>τίνα</em></strong></span> <span class='ocrx_word' id='word_1_84' title='bbox 566 1353 605 1422; x_wconf 71' lang='grc' dir='ltr'><strong><em>δὲ</em></strong></span> <span class='ocrx_word' id='word_1_85' title='bbox 637 1352 731 1422; x_wconf 65' lang='grc' dir='ltr'><strong><em>ταῦτῗ</em></strong></span> <span class='ocrx_word' id='word_1_86' title='bbox 767 1359 858 1422; x_wconf 78' lang='grc' dir='ltr'><strong><em>ἔστιν</em></strong></span> <span class='ocrx_word' id='word_1_87' title='bbox 896 1350 957 1421; x_wconf 88' lang='grc' dir='ltr'><strong><em>ούκ</em></strong></span> <span class='ocrx_word' id='word_1_88' title='bbox 989 1351 1074 1434; x_wconf 82' lang='grc' dir='ltr'><strong><em>ἀξιῦ</em></strong></span> <span class='ocrx_word' id='word_1_89' title='bbox 1111 1361 1215 1422; x_wconf 91' lang='grc' dir='ltr'><strong><em>πολυ-</em></strong></span> 
     </span>
     <span class='ocr_line' id='line_1_12' title="bbox 197 1457 1214 1549; baseline -0.001 -21"><span class='ocrx_word' id='word_1_90' title='bbox 197 1474 405 1548; x_wconf 68' lang='grc' dir='ltr'><strong><em>πραγμονεῖν</em></strong></span> <span class='ocrx_word' id='word_1_91' title='bbox 442 1458 514 1530; x_wconf 75' lang='grc' dir='ltr'><strong><em>οὔτ’</em></strong></span> <span class='ocrx_word' id='word_1_92' title='bbox 544 1459 690 1549; x_wconf 82' lang='grc' dir='ltr'><strong><em>ἐμαυτὸν</em></strong></span> <span class='ocrx_word' id='word_1_93' title='bbox 728 1459 805 1529; x_wconf 85' lang='grc' dir='ltr'><strong><em>οῦτε</em></strong></span> <span class='ocrx_word' id='word_1_94' title='bbox 841 1458 947 1528; x_wconf 84' lang='grc' dir='ltr'><strong><em>ἀλλον</em></strong></span> <span class='ocrx_word' id='word_1_95' title='bbox 984 1457 1110 1528; x_wconf 80' lang='grc' dir='ltr'><strong><em>ούδένα</em></strong></span> <span class='ocrx_word' id='word_1_96' title='bbox 1144 1463 1214 1528; x_wconf 76' lang='grc' dir='ltr'><strong><em>τῶν</em></strong></span> 
     </span>
     <span class='ocr_line' id='line_1_13' title="bbox 197 1565 957 1658; baseline 0.003 -24"><span class='ocrx_word' id='word_1_97' title='bbox 197 1569 418 1658; x_wconf 79' lang='grc' dir='ltr'><strong><em>βουλομένων</em></strong></span> <span class='ocrx_word' id='word_1_98' title='bbox 439 1565 481 1637; x_wconf 89' lang='grc' dir='ltr'><strong><em>τά</em></strong></span> <span class='ocrx_word' id='word_1_99' title='bbox 502 1565 586 1656; x_wconf 75' lang='grc' dir='ltr'><strong><em>πρὲς</em></strong></span> <span class='ocrx_word' id='word_1_100' title='bbox 607 1565 712 1648; x_wconf 83' lang='grc' dir='ltr'><strong><em>θεοὺς</em></strong></span> <span class='ocrx_word' id='word_1_101' title='bbox 734 1565 811 1636; x_wconf 81' lang='grc' dir='ltr'><strong><em>ὅσια</em></strong></span> <span class='ocrx_word' id='word_1_102' title='bbox 832 1581 957 1656; x_wconf 72' lang='grc' dir='ltr'><strong><em>τηρεῖν.</em></strong></span> 
     </span>
     <span class='ocr_line' id='line_1_14' title="bbox 287 1672 1214 1762; baseline 0 -20"><span class='ocrx_word' id='word_1_103' title='bbox 287 1676 420 1744; x_wconf 83' lang='lat' dir='ltr'>LXVII.</span> <span class='ocrx_word' id='word_1_104' title='bbox 452 1677 501 1743; x_wconf 81' lang='grc' dir='ltr'><strong><em>Αί</em></strong></span> <span class='ocrx_word' id='word_1_105' title='bbox 521 1674 560 1743; x_wconf 70' lang='grc' dir='ltr'><strong><em>δὲ</em></strong></span> <span class='ocrx_word' id='word_1_106' title='bbox 582 1674 834 1762; x_wconf 75' lang='grc' dir='ltr'><strong><em>θεραπεύουσαι</em></strong></span> <span class='ocrx_word' id='word_1_107' title='bbox 855 1673 918 1762; x_wconf 82' lang='grc' dir='ltr'><strong><em>τὴν</em></strong></span> <span class='ocrx_word' id='word_1_108' title='bbox 938 1672 1024 1743; x_wconf 86' lang='grc' dir='ltr'><strong><em>θεδυ</em></strong></span> <span class='ocrx_word' id='word_1_109' title='bbox 1046 1675 1214 1762; x_wconf 77' lang='grc' dir='ltr'><strong><em>παρθένοι</em></strong></span> 
     </span>
     <span class='ocr_line' id='line_1_15' title="bbox 196 1773 1214 1870; baseline -0.001 -21"><span class='ocrx_word' id='word_1_110' title='bbox 196 1782 349 1870; x_wconf 78' lang='grc' dir='ltr'><strong><em>τέτταρες</em></strong></span> <span class='ocrx_word' id='word_1_111' title='bbox 375 1781 438 1870; x_wconf 66' lang='grc' dir='ltr'><strong><em>μὲν</em></strong></span> <span class='ocrx_word' id='word_1_112' title='bbox 465 1773 553 1870; x_wconf 83' lang='grc' dir='ltr'><strong><em>ἦσαν</em></strong></span> <span class='ocrx_word' id='word_1_113' title='bbox 580 1779 651 1850; x_wconf 90' lang='grc' dir='ltr'><strong><em>κατ’</em></strong></span> <span class='ocrx_word' id='word_1_114' title='bbox 682 1779 786 1869; x_wconf 81' lang='grc' dir='ltr'><strong><em>ἀρχάς</em></strong></span> <span class='ocrx_word' id='word_1_115' title='bbox 817 1785 886 1851; x_wconf 84' lang='grc' dir='ltr'><strong><em>τάν</em></strong></span> <span class='ocrx_word' id='word_1_116' title='bbox 913 1782 1080 1868; x_wconf 82' lang='grc' dir='ltr'><strong><em>βασιλέων</em></strong></span> <span class='ocrx_word' id='word_1_117' title='bbox 1110 1777 1214 1860; x_wconf 85' lang='grc' dir='ltr'><strong><em>αύτάς</em></strong></span> 
     </span>
     <span class='ocr_line' id='line_1_16' title="bbox 159 1883 1336 1978; baseline -0.002 -23"><span class='ocrx_word' id='word_1_118' title='bbox 159 1915 184 1956; x_wconf 85' lang='lat'><strong><em>15</em></strong></span> <span class='ocrx_word' id='word_1_119' title='bbox 199 1891 413 1977; x_wconf 78' lang='grc' dir='ltr'><strong><em>αἱρουμένων</em></strong></span> <span class='ocrx_word' id='word_1_120' title='bbox 440 1887 496 1978; x_wconf 75' lang='grc' dir='ltr'><strong><em>ἐφ’</em></strong></span> <span class='ocrx_word' id='word_1_121' title='bbox 525 1883 577 1969; x_wconf 75' lang='grc' dir='ltr'><strong><em>οἷς</em></strong></span> <span class='ocrx_word' id='word_1_122' title='bbox 606 1888 829 1976; x_wconf 79' lang='grc' dir='ltr'><strong><em>κατεστήσατο</em></strong></span> <span class='ocrx_word' id='word_1_123' title='bbox 861 1891 1006 1967; x_wconf 88' lang='grc' dir='ltr'><strong><em>δικαίοις</em></strong></span> <span class='ocrx_word' id='word_1_124' title='bbox 1037 1885 1055 1956; x_wconf 88' lang='grc' dir='ltr'>ὁ</span> <span class='ocrx_word' id='word_1_125' title='bbox 1085 1886 1214 1974; x_wconf 87' lang='grc' dir='ltr'><strong><em>Νόμας,</em></strong></span> <span class='ocrx_word' id='word_1_126' title='bbox 1328 1937 1336 1973; x_wconf 47' lang='grc' dir='ltr'><strong><em>η</em></strong></span> 
     </span>
     <span class='ocr_line' id='line_1_17' title="bbox 197 1990 1337 2086; baseline -0.004 -22"><span class='ocrx_word' id='word_1_127' title='bbox 197 1993 341 2086; x_wconf 76' lang='grc' dir='ltr'><strong><em>ὕστερον</em></strong></span> <span class='ocrx_word' id='word_1_128' title='bbox 366 1995 404 2064; x_wconf 71' lang='grc' dir='ltr'><strong><em>δὲ</em></strong></span> <span class='ocrx_word' id='word_1_129' title='bbox 426 1993 484 2064; x_wconf 83' lang='grc' dir='ltr'><strong><em>διὰ</em></strong></span> <span class='ocrx_word' id='word_1_130' title='bbox 505 1999 639 2083; x_wconf 80' lang='grc' dir='ltr'><strong><em>πλῆθος</em></strong></span> <span class='ocrx_word' id='word_1_131' title='bbox 656 1999 726 2064; x_wconf 79' lang='grc' dir='ltr'><strong><em>τῶν</em></strong></span> <span class='ocrx_word' id='word_1_132' title='bbox 750 1999 951 2082; x_wconf 72' lang='grc' dir='ltr'><strong><em>ἱερουργιῶν</em></strong></span> <span class='ocrx_word' id='word_1_133' title='bbox 976 1990 1016 2074; x_wconf 82' lang='grc' dir='ltr'><strong><em>ἀς</em></strong></span> <span class='ocrx_word' id='word_1_134' title='bbox 1040 1996 1270 2064; x_wconf 66' lang='grc' dir='ltr'><strong><em>έπιτελοῦειε</em></strong></span> <span class='ocrx_word' id='word_1_135' title='bbox 1336 1996 1337 2010; x_wconf 72' lang='grc'>’</span> 
     </span>
     <span class='ocr_line' id='line_1_18' title="bbox 198 2099 1215 2190; baseline -0.002 -20"><span class='ocrx_word' id='word_1_136' title='bbox 198 2122 254 2171; x_wconf 90' lang='grc' dir='ltr'><strong><em>σιν</em></strong></span> <span class='ocrx_word' id='word_1_137' title='bbox 287 2106 321 2186; x_wconf 78' lang='grc' dir='ltr'><strong><em>έξ</em></strong></span> <span class='ocrx_word' id='word_1_138' title='bbox 353 2102 534 2190; x_wconf 87' lang='grc' dir='ltr'><strong><em>γενόμεναι</em></strong></span> <span class='ocrx_word' id='word_1_139' title='bbox 565 2104 660 2190; x_wconf 82' lang='grc' dir='ltr'><strong><em>μέχρι</em></strong></span> <span class='ocrx_word' id='word_1_140' title='bbox 692 2106 754 2171; x_wconf 88' lang='grc' dir='ltr'><strong><em>τοῦ</em></strong></span> <span class='ocrx_word' id='word_1_141' title='bbox 786 2099 866 2171; x_wconf 83' lang='grc' dir='ltr'><strong><em>καθ’</em></strong></span> <span class='ocrx_word' id='word_1_142' title='bbox 896 2102 983 2190; x_wconf 80' lang='grc' dir='ltr'><strong><em>ἡμᾶς</em></strong></span> <span class='ocrx_word' id='word_1_143' title='bbox 1015 2101 1215 2188; x_wconf 85' lang='grc' dir='ltr'><strong><em>διαμένουσι</em></strong></span> 
     </span>
     <span class='ocr_line' id='line_1_19' title="bbox 197 2205 1212 2302; baseline -0.004 -24"><span class='ocrx_word' id='word_1_144' title='bbox 197 2208 326 2296; x_wconf 78' lang='grc' dir='ltr'><strong><em>χρόνον</em></strong></span> <span class='ocrx_word' id='word_1_145' title='bbox 363 2213 497 2278; x_wconf 90' lang='grc' dir='ltr'><strong><em>δίαιταν</em></strong></span> <span class='ocrx_word' id='word_1_146' title='bbox 535 2214 670 2296; x_wconf 79' lang='grc' dir='ltr'><strong><em>ἔχουσαι</em></strong></span> <span class='ocrx_word' id='word_1_147' title='bbox 710 2207 800 2298; x_wconf 80' lang='grc' dir='ltr'><strong><em>παρὰ</em></strong></span> <span class='ocrx_word' id='word_1_148' title='bbox 840 2213 880 2299; x_wconf 74' lang='grc' dir='ltr'><strong><em>τῇ</em></strong></span> <span class='ocrx_word' id='word_1_149' title='bbox 916 2213 1003 2302; x_wconf 77' lang='grc' dir='ltr'><strong><em>θεῷ,</em></strong></span> <span class='ocrx_word' id='word_1_150' title='bbox 1042 2213 1128 2276; x_wconf 76' lang='grc' dir='ltr'><strong><em>ἔνθα</em></strong></span> <span class='ocrx_word' id='word_1_151' title='bbox 1166 2205 1212 2275; x_wconf 87' lang='grc' dir='ltr'><strong><em>δι’</em></strong></span> 
     </span>
     <span class='ocr_line' id='line_1_20' title="bbox 198 2312 1216 2405; baseline -0.001 -21"><span class='ocrx_word' id='word_1_152' title='bbox 198 2312 325 2405; x_wconf 79' lang='grc' dir='ltr'><strong><em>ἡμέρας</em></strong></span> <span class='ocrx_word' id='word_1_153' title='bbox 347 2315 410 2404; x_wconf 70' lang='grc' dir='ltr'><strong><em>μὲν</em></strong></span> <span class='ocrx_word' id='word_1_154' title='bbox 433 2313 554 2395; x_wconf 81' lang='grc' dir='ltr'><strong><em>οὐδεὶς.</em></strong></span> <span class='ocrx_word' id='word_1_155' title='bbox 568 2313 759 2402; x_wconf 76' lang='grc' dir='ltr'><strong><em>ἀπείργεται</em></strong></span> <span class='ocrx_word' id='word_1_156' title='bbox 781 2320 850 2385; x_wconf 80' lang='grc' dir='ltr'><strong><em>τῶν</em></strong></span> <span class='ocrx_word' id='word_1_157' title='bbox 872 2318 1093 2404; x_wconf 81' lang='grc' dir='ltr'><strong><em>βουλομένων</em></strong></span> <span class='ocrx_word' id='word_1_158' title='bbox 1116 2317 1216 2384; x_wconf 69' lang='grc' dir='ltr'><strong><em>είσεέ</em></strong></span> 
     </span>
     <span class='ocr_line' id='line_1_21' title="bbox 157 2419 1215 2512; baseline 0.002 -26"><span class='ocrx_word' id='word_1_159' title='bbox 157 2447 185 2486; x_wconf 85' lang='grc' dir='ltr'><strong><em>εο</em></strong></span> <span class='ocrx_word' id='word_1_160' title='bbox 198 2449 271 2508; x_wconf 84' lang='grc' dir='ltr'><strong><em>ναι,</em></strong></span> <span class='ocrx_word' id='word_1_161' title='bbox 303 2421 436 2509; x_wconf 83' lang='grc' dir='ltr'><strong><em>νύκτωρ</em></strong></span> <span class='ocrx_word' id='word_1_162' title='bbox 468 2421 508 2489; x_wconf 76' lang='grc' dir='ltr'><strong><em>δὲ</em></strong></span> <span class='ocrx_word' id='word_1_163' title='bbox 540 2419 657 2490; x_wconf 78' lang='grc' dir='ltr'><strong><em>ούδευλ</em></strong></span> <span class='ocrx_word' id='word_1_164' title='bbox 687 2425 756 2490; x_wconf 80' lang='grc' dir='ltr'><strong><em>τῶν</em></strong></span> <span class='ocrx_word' id='word_1_165' title='bbox 784 2419 938 2512; x_wconf 78' lang='grc' dir='ltr'><strong><em>ἀρρένων</em></strong></span> <span class='ocrx_word' id='word_1_166' title='bbox 968 2424 1215 2491; x_wconf 74' lang='grc' dir='ltr'><strong><em>ἐναυλίσασθαι</em></strong></span> 
     </span>
     <span class='ocr_line' id='line_1_22' title="bbox 158 2525 1216 2618; baseline 0.003 -25"><span class='ocrx_word' id='word_1_167' title='bbox 158 2528 306 2615; x_wconf 82' lang='grc' dir='ltr'><strong><em>2θέμις.</em></strong></span> <span class='ocrx_word' id='word_1_168' title='bbox 352 2527 478 2615; x_wconf 82' lang='grc' dir='ltr'><strong><em>χρόνον</em></strong></span> <span class='ocrx_word' id='word_1_169' title='bbox 507 2527 545 2596; x_wconf 70' lang='grc' dir='ltr'><strong><em>δὲ</em></strong></span> <span class='ocrx_word' id='word_1_170' title='bbox 570 2534 808 2617; x_wconf 80' lang='grc' dir='ltr'><strong><em>τριακονταετῆ</em></strong></span> <span class='ocrx_word' id='word_1_171' title='bbox 836 2531 952 2618; x_wconf 85' lang='grc' dir='ltr'><strong><em>μένειν</em></strong></span> <span class='ocrx_word' id='word_1_172' title='bbox 980 2527 1087 2608; x_wconf 79' lang='grc' dir='ltr'><strong><em>αὐτάς</em></strong></span> <span class='ocrx_word' id='word_1_173' title='bbox 1111 2525 1216 2615; x_wconf 90' lang='grc' dir='ltr'><strong><em>ἀναγ-</em></strong></span> 
     </span>
     <span class='ocr_line' id='line_1_23' title="bbox 197 2627 1217 2723; baseline 0.001 -21"><span class='ocrx_word' id='word_1_174' title='bbox 197 2627 307 2702; x_wconf 77' lang='grc' dir='ltr'><strong><em>καῖον</em></strong></span> <span class='ocrx_word' id='word_1_175' title='bbox 320 2631 425 2720; x_wconf 83' lang='grc' dir='ltr'><strong><em>ἁγνὰς</em></strong></span> <span class='ocrx_word' id='word_1_176' title='bbox 452 2633 570 2722; x_wconf 87' lang='grc' dir='ltr'><strong><em>γάμων</em></strong></span> <span class='ocrx_word' id='word_1_177' title='bbox 596 2634 837 2722; x_wconf 83' lang='grc' dir='ltr'><strong><em>θυηπολούσας</em></strong></span> <span class='ocrx_word' id='word_1_178' title='bbox 863 2661 898 2704; x_wconf 85' lang='grc' dir='ltr'><strong><em>τε</em></strong></span> <span class='ocrx_word' id='word_1_179' title='bbox 925 2636 981 2704; x_wconf 80' lang='grc' dir='ltr'><strong><em>καὶ</em></strong></span> <span class='ocrx_word' id='word_1_180' title='bbox 1003 2627 1107 2704; x_wconf 88' lang='grc' dir='ltr'><strong><em>τάλλα</em></strong></span> <span class='ocrx_word' id='word_1_181' title='bbox 1129 2644 1217 2723; x_wconf 88' lang='grc' dir='ltr'><strong><em>θρη-</em></strong></span> 
     </span>
     <span class='ocr_line' id='line_1_24' title="bbox 198 2735 1214 2834; baseline 0.003 -27"><span class='ocrx_word' id='word_1_182' title='bbox 198 2735 384 2821; x_wconf 85' lang='grc' dir='ltr'><strong><em>σκευούσας</em></strong></span> <span class='ocrx_word' id='word_1_183' title='bbox 400 2739 483 2810; x_wconf 82' lang='grc' dir='ltr'><strong><em>κατὰ</em></strong></span> <span class='ocrx_word' id='word_1_184' title='bbox 501 2740 622 2829; x_wconf 89' lang='grc' dir='ltr'><strong><em>νόμον,</em></strong></span> <span class='ocrx_word' id='word_1_185' title='bbox 646 2743 684 2810; x_wconf 85' lang='grc' dir='ltr'><strong><em>έν</em></strong></span> <span class='ocrx_word' id='word_1_186' title='bbox 706 2735 732 2834; x_wconf 75' lang='grc' dir='ltr'><em>ᾦ</em></span> <span class='ocrx_word' id='word_1_187' title='bbox 757 2745 837 2811; x_wconf 86' lang='grc' dir='ltr'><strong><em>δέκα</em></strong></span> <span class='ocrx_word' id='word_1_188' title='bbox 855 2741 918 2830; x_wconf 70' lang='grc' dir='ltr'><strong><em>μὲν</em></strong></span> <span class='ocrx_word' id='word_1_189' title='bbox 942 2747 997 2829; x_wconf 80' lang='grc' dir='ltr'><strong><em>έτη</em></strong></span> <span class='ocrx_word' id='word_1_190' title='bbox 1021 2741 1214 2829; x_wconf 71' lang='grc' dir='ltr'><strong><em>μανθάνειν</em></strong></span> 
     </span>
     <span class='ocr_line' id='line_1_25' title="bbox 198 2845 1215 2938; baseline 0.001 -23"><span class='ocrx_word' id='word_1_191' title='bbox 198 2845 301 2928; x_wconf 87' lang='grc' dir='ltr'><strong><em>αύτάς</em></strong></span> <span class='ocrx_word' id='word_1_192' title='bbox 328 2851 411 2934; x_wconf 85' lang='grc' dir='ltr'><strong><em>έδει,</em></strong></span> <span class='ocrx_word' id='word_1_193' title='bbox 441 2850 520 2918; x_wconf 82' lang='grc' dir='ltr'><strong><em>δέκα</em></strong></span> <span class='ocrx_word' id='word_1_194' title='bbox 548 2845 580 2915; x_wconf 91' lang='grc' dir='ltr'><strong><em>δ’</em></strong></span> <span class='ocrx_word' id='word_1_195' title='bbox 606 2851 768 2918; x_wconf 80' lang='grc' dir='ltr'><strong><em>έπιτελείν</em></strong></span> <span class='ocrx_word' id='word_1_196' title='bbox 794 2847 835 2918; x_wconf 84' lang='grc' dir='ltr'><strong><em>τὰ</em></strong></span> <span class='ocrx_word' id='word_1_197' title='bbox 859 2847 947 2938; x_wconf 88' lang='grc' dir='ltr'><strong><em>ίερά,</em></strong></span> <span class='ocrx_word' id='word_1_198' title='bbox 978 2847 1019 2918; x_wconf 87' lang='grc' dir='ltr'><strong><em>τά</em></strong></span> <span class='ocrx_word' id='word_1_199' title='bbox 1048 2847 1086 2916; x_wconf 74' lang='grc' dir='ltr'><strong><em>δὲ</em></strong></span> <span class='ocrx_word' id='word_1_200' title='bbox 1113 2846 1215 2917; x_wconf 87' lang='grc' dir='ltr'><strong><em>λοιπά</em></strong></span> 
     </span>
     <span class='ocr_line' id='line_1_26' title="bbox 158 2953 1337 3045; baseline 0.005 -28"><span class='ocrx_word' id='word_1_201' title='bbox 158 2976 184 3018; x_wconf 79' lang='grc' dir='ltr'><strong><em>εε</em></strong></span> <span class='ocrx_word' id='word_1_202' title='bbox 200 2957 279 3024; x_wconf 84' lang='grc' dir='ltr'><strong><em>δέκα</em></strong></span> <span class='ocrx_word' id='word_1_203' title='bbox 302 2954 475 3024; x_wconf 80' lang='grc' dir='ltr'><strong><em>διδάσκειν</em></strong></span> <span class='ocrx_word' id='word_1_204' title='bbox 506 2953 626 3042; x_wconf 76' lang='grc' dir='ltr'><strong><em>ἑτέρας.</em></strong></span> <span class='ocrx_word' id='word_1_205' title='bbox 672 2958 943 3045; x_wconf 80' lang='grc' dir='ltr'><strong><em>ἐκπληρωθείσης</em></strong></span> <span class='ocrx_word' id='word_1_206' title='bbox 971 2954 1009 3023; x_wconf 71' lang='grc' dir='ltr'><strong><em>δὲ</em></strong></span> <span class='ocrx_word' id='word_1_207' title='bbox 1036 2959 1096 3043; x_wconf 79' lang='grc' dir='ltr'><strong><em>τῆς</em></strong></span> <span class='ocrx_word' id='word_1_208' title='bbox 1122 2981 1214 3044; x_wconf 72' lang='grc' dir='ltr'><strong><em>τρια·</em></strong></span> <span class='ocrx_word' id='word_1_209' title='bbox 1331 3017 1337 3043; x_wconf 52' lang='lat'><strong>⁴</strong></span> 
     </span>
     <span class='ocr_line' id='line_1_27' title="bbox 198 3054 1217 3150; baseline 0.001 -21"><span class='ocrx_word' id='word_1_210' title='bbox 198 3067 391 3141; x_wconf 85' lang='grc' dir='ltr'><strong><em>κονταετίας</em></strong></span> <span class='ocrx_word' id='word_1_211' title='bbox 428 3059 529 3130; x_wconf 74' lang='grc' dir='ltr'><strong><em>οὐδὲν</em></strong></span> <span class='ocrx_word' id='word_1_212' title='bbox 565 3054 610 3149; x_wconf 75' lang='grc' dir='ltr'><strong><em>ἦν</em></strong></span> <span class='ocrx_word' id='word_1_213' title='bbox 646 3061 684 3130; x_wconf 88' lang='grc' dir='ltr'><strong><em>τὸ</em></strong></span> <span class='ocrx_word' id='word_1_214' title='bbox 720 3067 876 3132; x_wconf 79' lang='grc' dir='ltr'><strong><em>κωλῦσον</em></strong></span> <span class='ocrx_word' id='word_1_215' title='bbox 912 3061 971 3144; x_wconf 81' lang='grc' dir='ltr'><strong><em>τὰς</em></strong></span> <span class='ocrx_word' id='word_1_216' title='bbox 1007 3065 1217 3150; x_wconf 83' lang='grc' dir='ltr'><strong><em>βουλομένας</em></strong></span> 
     </span>
     <span class='ocr_line' id='line_1_28' title="bbox 197 3165 1215 3258; baseline 0 -22"><span class='ocrx_word' id='word_1_217' title='bbox 197 3165 383 3248; x_wconf 78' lang='grc' dir='ltr'><strong><em>ἀποθείσας</em></strong></span> <span class='ocrx_word' id='word_1_218' title='bbox 408 3165 449 3236; x_wconf 89' lang='grc' dir='ltr'><strong><em>τδι</em></strong></span> <span class='ocrx_word' id='word_1_219' title='bbox 477 3170 644 3256; x_wconf 81' lang='grc' dir='ltr'><strong><em>στέμματα</em></strong></span> <span class='ocrx_word' id='word_1_220' title='bbox 670 3169 726 3238; x_wconf 85' lang='grc' dir='ltr'><strong><em>καὶ</em></strong></span> <span class='ocrx_word' id='word_1_221' title='bbox 755 3167 796 3238; x_wconf 83' lang='grc' dir='ltr'><strong><em>τὰ</em></strong></span> <span class='ocrx_word' id='word_1_222' title='bbox 823 3167 924 3239; x_wconf 85' lang='grc' dir='ltr'><strong><em>λοιπὰ</em></strong></span> <span class='ocrx_word' id='word_1_223' title='bbox 951 3167 1132 3258; x_wconf 83' lang='grc' dir='ltr'><strong><em>παράσημα</em></strong></span> <span class='ocrx_word' id='word_1_224' title='bbox 1154 3173 1215 3257; x_wconf 79' lang='grc' dir='ltr'><strong><em>τῆς</em></strong></span> 
     </span>
    </p>
   </div>
   <div class='ocr_carea' id='block_1_4' title="bbox 198 3356 1214 3560">
    <p class='ocr_par' dir='ltr' id='par_1_4' title="bbox 198 3356 1214 3560">
     <span class='ocr_line' id='line_1_29' title="bbox 271 3356 1214 3432; baseline 0.004 -16"><span class='ocrx_word' id='word_1_225' title='bbox 271 3369 285 3416; x_wconf 87' lang='grc'>1</span> <span class='ocrx_word' id='word_1_226' title='bbox 306 3356 351 3418; x_wconf 80' lang='grc' dir='ltr'><strong><em>ὅτ’</em></strong></span> <span class='ocrx_word' id='word_1_227' title='bbox 372 3361 479 3432; x_wconf 78' lang='grc' dir='ltr'><strong><em>ἔφυγεν</em></strong></span> <span class='ocrx_word' id='word_1_228' title='bbox 496 3363 523 3417; x_wconf 88' lang='lat' dir='ltr'>A</span> <span class='ocrx_word' id='word_1_229' title='bbox 540 3356 588 3417; x_wconf 82' lang='grc' dir='ltr'><strong><em>ότι</em></strong></span> <span class='ocrx_word' id='word_1_230' title='bbox 609 3361 631 3417; x_wconf 85' lang='grc' dir='ltr'><strong><em>έ.</em></strong></span> <span class='ocrx_word' id='word_1_231' title='bbox 650 3363 676 3418; x_wconf 84' lang='lat' dir='ltr'>R</span> <span class='ocrx_word' id='word_1_232' title='bbox 747 3369 765 3418; x_wconf 82' lang='lat'>4</span> <span class='ocrx_word' id='word_1_233' title='bbox 783 3358 854 3419; x_wconf 86' lang='grc' dir='ltr'><strong><em>αύτδ</em></strong></span> <span class='ocrx_word' id='word_1_234' title='bbox 875 3365 897 3419; x_wconf 94' lang='grc' dir='ltr'><strong>Β</strong></span> <span class='ocrx_word' id='word_1_235' title='bbox 917 3381 970 3420; x_wconf 89' lang='lat' dir='ltr'><strong><em>om.</em></strong></span> <span class='ocrx_word' id='word_1_236' title='bbox 989 3365 1016 3419; x_wconf 85' lang='lat' dir='ltr'>R</span> <span class='ocrx_word' id='word_1_237' title='bbox 1084 3369 1118 3419; x_wconf 81' lang='lat'><strong><em>18</em></strong></span> <span class='ocrx_word' id='word_1_238' title='bbox 1138 3361 1214 3420; x_wconf 78' lang='grc' dir='ltr'><strong><em>ἔνθα</em></strong></span> 
     </span>
     <span class='ocr_line' id='line_1_30' title="bbox 198 3429 1213 3507; baseline 0.004 -19"><span class='ocrx_word' id='word_1_239' title='bbox 198 3429 234 3502; x_wconf 82' lang='grc' dir='ltr'><strong><em>δὴ</em></strong></span> <span class='ocrx_word' id='word_1_240' title='bbox 254 3435 301 3488; x_wconf 89' lang='lat' dir='ltr'><strong><em>Bb</em></strong></span> <span class='ocrx_word' id='word_1_241' title='bbox 324 3432 451 3489; x_wconf 79' lang='lat' dir='ltr'><strong>defendit</strong></span> <span class='ocrx_word' id='word_1_242' title='bbox 472 3433 563 3489; x_wconf 78' lang='lat' dir='ltr'>Cobet</span> <span class='ocrx_word' id='word_1_243' title='bbox 585 3432 650 3490; x_wconf 72' lang='lat' dir='ltr'>Oba.</span> <span class='ocrx_word' id='word_1_244' title='bbox 674 3453 702 3505; x_wconf 89' lang='lat' dir='ltr'><strong><em>p.</em></strong></span> <span class='ocrx_word' id='word_1_245' title='bbox 722 3441 756 3490; x_wconf 77' lang='lat'><strong><em>53</em></strong></span> <span class='ocrx_word' id='word_1_246' title='bbox 833 3441 868 3490; x_wconf 71' lang='lat'><strong><em>25</em></strong></span> <span class='ocrx_word' id='word_1_247' title='bbox 891 3435 942 3507; x_wconf 82' lang='grc' dir='ltr'><strong><em>τῆς</em></strong></span> <span class='ocrx_word' id='word_1_248' title='bbox 963 3452 1018 3491; x_wconf 90' lang='lat' dir='ltr'><strong><em>om.</em></strong></span> <span class='ocrx_word' id='word_1_249' title='bbox 1042 3435 1073 3506; x_wconf 89' lang='lat' dir='ltr'><strong><em>B,</em></strong></span> <span class='ocrx_word' id='word_1_250' title='bbox 1098 3439 1213 3492; x_wconf 71' lang='lat' dir='ltr'><strong>auctore</strong></span> 
     </span>
     <span class='ocr_line' id='line_1_31' title="bbox 199 3501 997 3560; baseline 0.004 -1"><span class='ocrx_word' id='word_1_251' title='bbox 199 3504 348 3559; x_wconf 81' lang='lat' dir='ltr'>Ambrosio</span> <span class='ocrx_word' id='word_1_252' title='bbox 367 3507 392 3559; x_wconf 83' lang='lat' dir='ltr'>A</span> <span class='ocrx_word' id='word_1_253' title='bbox 461 3510 498 3560; x_wconf 78' lang='lat'><strong><em>26</em></strong></span> <span class='ocrx_word' id='word_1_254' title='bbox 516 3501 645 3560; x_wconf 79' lang='grc' dir='ltr'><strong><em>κωλῦσον</em></strong></span> <span class='ocrx_word' id='word_1_255' title='bbox 663 3507 688 3560; x_wconf 83' lang='grc' dir='ltr'><strong>Α</strong></span> <span class='ocrx_word' id='word_1_256' title='bbox 993 3509 997 3518; x_wconf 86' lang='grc'><em>“</em></span> 
     </span>
    </p>
   </div>
   <div class='ocr_carea' id='block_1_5' title="bbox 0 0 1346 3982">
    <p class='ocr_par' dir='ltr' id='par_1_5' title="bbox 0 0 1346 3982">
     <span class='ocr_line' id='line_1_32' title="bbox 0 0 1346 3982; baseline 0 1"><span class='ocrx_word' id='word_1_257' title='bbox 0 0 1346 3982; x_wconf 95' lang='lat' dir='ltr'><strong><em> </em></strong></span> 
     </span>
    </p>
   </div>
  </div>
 </body>
</html>
