2682 3982
181 227 365 292 264·
609 227 772 280 -Β-

181 391 229 468 είς
252 387 290 456 δὲ
313 385 376 475 τὴν
397 387 473 474 περὶ
495 385 536 455 τὰ
555 384 743 474 συμβόλαια
763 385 985 474 δικαιοσύνην
1007 384 1198 474 ὑπηγάγετο

181 499 316 583 πρᾶγμα
340 491 485 582 ἐξευρών
513 491 726 581 ἠγνοημένον
754 490 820 562 ὑπὸ
849 495 986 562 πάντων
1008 496 1077 563 τών
1099 521 1199 564 κατα-

182 601 400 689 στησαμένων
422 599 482 680 τάς
505 602 703 688 ἐλλογίμους
720 604 915 680 πολιτείας·
942 597 1035 688 ὁρών
1057 600 1121 690 γὰρ
1145 599 1197 670 ότι

180 711 250 778 τών
272 713 490 795 συμβολαίων
516 705 557 776 τὰ
584 706 646 794 μὲν
668 709 707 776 ἐν
728 709 864 800 φανερῷ
892 708 948 774 καὶ
971 705 1052 795 μετὰ
1075 706 1198 796 μαρτό-

141 841 154 882 ι
182 842 252 901 ρων
285 813 495 904 πραττόμενα
526 811 547 901 ἡ
580 817 648 882 τών
681 812 858 882 συνόντων
886 812 989 894 αίθώς
1021 813 1256 902 φυλάττει,399

182 923 238 992 καὶ
261 920 401 990 σπάνιοί
424 920 513 1000 τινές
540 924 627 1011 είσιν
655 923 691 988 οί
711 920 786 1005 περὶ
813 918 854 988 τά
877 924 1016 1010 τοιαῦτα
1038 919 1198 990 ἀδικοῦν-

98 1047 100 1051 ·
182 1055 248 1115 τες,
272 1025 314 1096 τὰ
341 1027 380 1096 δὲ
406 1025 581 1115 ἀμάρτυρα
607 1030 719 1120 πολλῷ
748 1032 850 1096 πλείω
878 1037 946 1096 τῶν
970 1028 1092 1116 ἑτέρων
1116 1026 1199 1096 ὅντα

183 1140 264 1223 μίαν
297 1139 363 1222 ἔχει
399 1131 554 1221 φυλακὴν
590 1131 652 1221 τὴν
689 1137 765 1202 τών·
794 1133 1038 1264 συμβαλόντων
1073 1139 1198 1263 πίστιη,

182 1241 258 1328 περὶ
280 1240 441 1332 ταύτην
430 1237 513 1308 ώετο
542 1243 615 1308 δεῖν
643 1238 834 1309 σπουδάσαι
861 1239 987 1320 παντὸς
1008 1238 1115 1308 ἀλλον
1136 1240 1198 1328 μά

94 1349 100 1360 ’
143 1337 164 1400 2
184 1357 287 1416 λιστα
301 1346 358 1416 καὶ
380 1349 518 1434 ποιῆσαι
536 1352 643 1415 θείων
662 1349 842 1434 σεβασμῶν
860 1343 966 1428 ἀξίαν.
1007 1352 1118 1435 Δίκην
1136 1347 1198 1478 μὲν

144 1425 247 1543 10γὰρ
270 1453 325 1522 καλ
348 1460 453 1542 Θέμιν
480 1454 537 1522 καὶ
559 1455 709 1541 Νέμεσιν
726 1454 782 1522 καὶ
804 1452 864 1534 τὰς
886 1455 1094 1550 καλευμένας
1116 1452 1195 1541 παρ’

174 1563 335 1648 Ἕλλησιν
359 1557 515 1648 Ἐρινύας
545 1561 602 1628 καὶ
634 1559 698 1630 ὅσα
727 1559 861 1640 τούτοις
896 1558 997 1648 όμοια
1028 1557 1094 1628 ὑπό
1129 1565 1199 1630 τών

183 1667 349 1758 πρότερον
378 1666 612 1755 ἀποχρώντως
649 1669 893 1736 ἐκτεθειῶσθαί
925 1693 962 1736 τε
997 1668 1053 1736 καὶ
1089 1676 1199 1756 καθω-

184 1778 329 1843 σιῶσθαι
348 1773 494 1862 ἐνόμισε,
508 1780 632 1842 Πίστιν
651 1776 700 1860 δέ,
718 1765 759 1861 ἧς
781 1771 859 1842 οὔτε
877 1781 989 1862 μεῖζον
1008 1772 1086 1842 οὔτε
1105 1772 1210 1863 ίερώ-.

146 1913 171 1952 ιι
184 1907 293 1974 τερονΙ
309 1879 421 1962 πάθος
452 1882 489 1949 ἐν
519 1878 716 1969 ἀνθρώποις
744 1877 863 1966 οὐδέν,
896 1879 989 1966 οὕτω
1022 1885 1200 1969 σεβασμῶν

184 1987 363 2076 τυγχάνειν
392 1983 464 2056 οὔτ’
490 1989 527 2056 ἐν
553 2000 625 2067 τοῖς
651 1997 779 2067 κοινοίς
805 1989 874 2055 τών
898 1986 1029 2056 πόλεων
1052 1987 1200 2076 πράγμα»

145 2101 243 2164 3σιν
272 2091 342 2163 οὔτ’
369 2095 406 2162 ἐν
434 2108 506 2173 τοῖς
533 2097 641 2174 ίόίοις.
691 2097 796 2162 ταῦτα
824 2091 867 2180 δὴ
895 2095 1093 2181 διανοηθεὶς
1114 2099 1223 2183 πρώ-Ἰ

186 2227 243 2281 τος
265 2198 461 2290 ἀνθρώπων
484 2199 576 2286 ἱερὸν
601 2199 761 2290 ίθρόσαηο
785 2205 937 2280 Πίστεως
959 2204 1123 2288 δημοσίας
1144 2202 1201 2268 καὶ

185 2313 310 2389 θνσίας
336 2306 421 2396 αὐτῇ
447 2305 686 2394 κατεστήσατο,
713 2305 865 2394 καθάπερ
897 2307 954 2374 καὶ
984 2320 1055 2388 τοῖς
1086 2305 1202 2386 ἀλλοις

147 2447 174 2486 ιο
187 2423 296 2500 θεοῖς,
329 2418 528 2501 δημοτελεῖς.
585 2418 700 2500 ἔμελλε
737 2413 775 2482 δὲ
810 2411 876 2500 ἀρα
913 2412 979 2481 σὺν
1015 2411 1125 2504 χρόνῳ
1161 2411 1201 2481 τὸ

186 2517 305 2589 κοινὸν
334 2523 394 2608 τῆς
425 2519 553 2600 πόλεως
583 2512 671 2607 ἦθος
706 2519 827 2588 πιστὸν
861 2519 917 2588 καὶ
949 2521 1087 2607 βέβαιον
1119 2517 1202 2606 πρὸς

186 2624 392 2714 ἀνθρώπους
426 2625 613 2713 γενόμενον
649 2626 824 2706 τοιούτους
859 2623 1114 2716 ἀπεργάσασθαι
1145 2627 1201 2694 καὶ

187 2731 267 2812 τοὺς
289 2736 358 2800 τών
380 2736 526 2800 ίθιωτών
549 2732 702 2822 τρόπους.
755 2731 843 2803 οὕτω
867 2735 952 2819 γοῦν
981 2732 1147 2818 σεβαστόν
1168 2760 1201 2800 τι

188 2843 324 2928 πρᾶγμα
350 2838 407 2908 καὶ
429 2836 594 2926 ἀμίαντον
617 2841 782 2928 ἐνομίσθη
808 2838 846 2908 τὸ
869 2838 1004 2926 πιστόν,
1028 2837 1112 2912 ὥστε
1142 2837 1260 2926 όρ-εοο
1296 2861 1303 2874 ·

148 2975 174 3016 ιε
188 2973 251 3015 κον
276 2929 312 3015 τε
339 2946 498 3032 μέγιστον
524 2947 686 3032 γενέσθαι
717 2945 779 3034 τὴν
807 2950 899 3014 ίὸίαν
932 2944 1058 3038 ἑκάστω
1090 2950 1203 3014 πίστιν

188 3055 244 3123 καὶ
268 3057 451 3143 μαρτυρίας
473 3052 648 3141 συμπάσης
671 3051 903 3140 ἰσχυροτάτην,
920 3053 976 3120 καί
991 3041 1095 3122 Ιὁπότε
1117 3049 1202 3139 ὑπὲρ

262 3293 275 3340 1
296 3281 348 3355 τὴν
366 3302 421 3340 om
437 3286 463 3339 A
484 3279 634 3356 Ιὺτιήγαγε
653 3278 722 3337 τόΒ
794 3279 1002 3346 9παντιόςΒε
1074 3289 1108 3337 12
1129 3277 1203 3366 ίριν-

189 3377 261 3419 ννας
278 3357 325 3411 Bb
403 3361 436 3410 13
459 3353 603 3480 προτέραν
622 3355 667 3408 Ba
745 3359 778 3408 16
801 3352 935 3444 τυγχάνει
952 3356 978 3409 Α
1055 3359 1088 3410 17
1111 3354 1203 3408 ταῦτα

190 3425 242 3514 δὴ
241 3426 383 3495 Kiessling
401 3448 424 3482 τ.
443 3424 514 3482 8λο
584 3431 616 3480 21
636 3421 707 3496 πρὸς
721 3419 851 3488 ἅπαντας
868 3422 1054 3496 ἀνθρώπους
1062 3443 1084 3480 ο.
1098 3424 1203 3480 Βσίελιε

191 3495 262 3568 πρὸς
280 3445 457 3610 ἀλλήλουςο.
477 3497 583 3567 Kayser
601 3497 672 3554 Αιιιι.
692 3495 762 3569 phil.
782 3503 851 3554 1861
869 3515 896 3568 p.
917 3503 933 3552 ὅ
1006 3503 1040 3553 23
1059 3515 1090 3566 γε
1111 3487 1202 3551 οάνΟ
