2670 3984
571 268 734 320 ..Β-

80 418 249 494 κοοτάλλα
277 424 387 516 ῶσπερ
418 425 669 516 ἀργυρωνήτοις
696 423 963 514 παραχρώμενοι.
1014 424 1158 494 ἐκάλουν

141 532 181 601 δὲ
196 531 373 621 Ἀθηναῖοι
392 534 454 622 μὲν
472 538 580 621 θῆτας
598 531 677 613 τοὺς
690 531 833 612 πελάτας
850 533 902 600 ἐπὶ
920 537 979 619 τῆς
993 539 1157 618 λατρείας,

80 642 306 710 mamam
336 641 375 710 δὲ
399 643 559 720 πενέστας
590 638 811 722 ὀνειδίζοντες
842 636 957 718 αὐτοῖς
987 636 1091 720 εὐθὺς
1120 641 1157 709 έν

138 751 180 836 τή
203 747 318 835 κλήσει
340 746 402 836 τήν
425 747 538 836 τύχην.
575 745 593 816 ὁ
616 747 654 816 δὲ
666 745 836 836 Ῥωμύλος
854 745 1023 834 ἐπικλήσει
1043 773 1077 814 τε
1101 744 1154 816 εό-
1173 751 1195 815 3

138 868 261 941 πρεπεῖ
288 854 327 924 τό
365 859 500 944 πρᾶγμα
538 854 700 943 ἐκόσμησε
736 857 948 942 πατρωνείαν
985 851 1156 941 ὀνομάσας
1183 883 1196 924 ε

138 959 202 1047 τήν
229 965 299 1030 τῶν
327 961 482 1050 πενήτων
508 963 565 1030 καλ
591 965 759 1032 ταπεινῶν
785 967 1010 1048 προστασίαν,
1037 958 1157 1030 καὶτὰ

140 1073 223 1156 ἔργα
241 1066 366 1157 χρηστά
385 1069 598 1158 προσέθηκεν
617 1068 795 1154 ἑκατέροις,
813 1069 868 1136 καὶ
890 1067 1157 1156 φιλανθρώπους

136 1175 196 1243 καὶ
218 1173 389 1255 πολιτικάς
415 1173 741 1262 κατασκευαζόμενος
769 1171 880 1244 αὐτῶν
909 1173 968 1256 τὰς
992 1179 1156 1261 συζυγίας.

229 1282 269 1350 X.
286 1273 350 1350 Ἠν
374 1281 413 1350 δὲ
434 1279 475 1351 τά
497 1278 554 1350 ὑπ’
576 1280 801 1351 ἐκείνουπότε
820 1279 1005 1371 ὁρισθέντα
1027 1282 1082 1350 καὶ
1101 1284 1156 1368 μέ-

140 1415 196 1476 χρι
218 1392 346 1457 πολλοῦ
369 1393 621 1476 παραμείναντα
645 1388 772 1477 χρόνον
794 1387 970 1477 Ῥωμαίοις
993 1393 1057 1476 ἔθη
1079 1389 1156 1478 περὶ
1171 1416 1196 1456 ιο

138 1493 198 1574 τὰς
220 1501 429 1584 πατρωνείας
450 1494 576 1564 τοιάδε·
589 1487 679 1575 ’ἷὶοὺς
697 1494 759 1584 μὶν
778 1500 973 1582 πατρικίους
996 1498 1065 1562 ἔδει
1087 1507 1158 1575 τοϊς

140 1602 272 1678 ἑαυτῶν
293 1600 450 1682 πελάταις
472 1587 665 1689 ἐξηγεῖσθαι
688 1599 728 1670 τά
752 1585 889 1687 δίιιαιαδ1
905 1593 953 1670 ῶν
978 1599 1040 1671 οὐκ
1064 1601 1181 1690 είχου·

140 1709 264 1777 ἐκείνοι
290 1707 353 1795 τήν
381 1707 580 1798 ἐπιστήμην,
612 1707 791 1798 παρόντων
819 1705 859 1777 τί
882 1706 994 1778 αὐτῶν
1024 1709 1080 1776 καὶ
1110 1707 1155 1797 μή

139 1813 320 1902 παρόντων
352 1812 413 1883 τὸν
451 1813 556 1884 αὐτόν
597 1818 827 1903 ἐπιμελεῖσθαι
862 1814 989 1904 τρόπον
1025 1813 1156 1884 ἅπαντα

139 1919 360 2008 πράττοντας,
384 1921 447 1992 ὅσα
470 1923 546 2012 περὶ
567 1927 700 1992 παίδων
722 1921 906 2011 πράττουσι
929 1924 1080 2010 πατέρες,
1108 1927 1156 2003 είς
1174 1957 1198 1996 τε

139 2027 319 2124 χρήμάτων
345 2057 381 2098 τε
408 2030 464 2098 καὶ
491 2033 559 2098 τῶν
587 2031 662 2116 περὶ
685 2028 836 2118 χρήματα
860 2035 1077 2117 συμβολαίων
1101 2028 1156 2098 λό-

138 2158 217 2222 γον·
236 2117 346 2216 [δίκας
372 2143 407 2204 τε
434 2132 519 2223 ὑπὲρ
546 2140 614 2204 τῶν
642 2140 794 2204 πελατῶν
821 2133 1056 2228 ἀδικουμένων
1079 2145 1156 2224 λαγ-

82 2223 288 2368 αετχάυείν]
302 2249 336 2311 εί
354 2269 405 2322 τις
422 2243 602 2344 βλάπτοιτο
625 2244 701 2330 περλ
723 2241 765 2310 τὰ
784 2231 1063 2344 συμβόλαιαβκριὶ
1085 2257 1156 2323 τοῖς

140 2353 341 2436 ἐγκαλουσιν
364 2335 582 2436 ὑπέχειυῶῶς
606 2349 643 2418 δέ
667 2348 765 2435 ὀλίγα
788 2349 863 2438 περὶ
881 2339 1017 2418 πολλῶν
1040 2347 1083 2417 άν
1106 2377 1157 2430 τις

138 2465 229 2526 εἴποι
261 2461 372 2526 πάσαν
407 2455 521 2537 αὐτοῖς
549 2456 688 2545 εἰρήνην
720 2461 789 2526 τῶν
817 2483 851 2524 τε
879 2461 978 2524 ίδίων
1007 2457 1063 2524 καλ
1086 2461 1155 2526 τῶν
1170 2487 1196 2526 20

139 2567 268 2632 κοινῶν
300 2564 519 2653 πραγμάτων,
550 2555 590 2651 ής
626 2563 770 2651 μάλιστα
806 2563 958 2648 ἐδέοντο,
990 2567 1156 2653 παρέχειν.

138 2669 220 2750 τοὺς
248 2669 286 2738 δὲ
312 2669 454 2750 πελάτας
482 2675 549 2738 ἔδει
575 2684 645 2750 τοῖς
674 2671 803 2740 ἑαυτῶν
826 2671 1027 2759 προστάταις
1049 2677 1196 2760 θυγα-2

138 2779 239 2864 τέρας
260 2803 296 2844 τε
319 2780 585 2845 συνεκδίδοσθαι
607 2779 833 2865 γαμουμένας,
856 2783 888 2846 εί
909 2785 1100 2861 σπανίζοιεν
1125 2783 1160 2847 οί

138 2885 281 2971 πατέρες
303 2882 493 2973 χρημάτων,
516 2885 571 2952 καλ
594 2883 699 2972 λύτρα
725 2883 947 2970 καταβάλλειν
974 2891 1156 2974 πολεμίοις,

139 2998 242 3070 εἴτις
264 2987 378 3058 αὐτῶν
401 2985 422 3076 ή
446 2993 578 3058 παίδων
602 2989 810 3078 αἰχμάλωτος
832 2993 979 3078 γένοιτο·
1004 2995 1098 3072 δίκας
1120 3015 1156 3059 τε
1173 3028 1198 3068 25

216 3193 230 3240 1
251 3181 387 3256 γράμενοι
409 3187 434 3239 A
501 3191 517 3239 5
536 3187 700 3256 πατρωνίαν
714 3187 739 3239 A
807 3181 1061 3257 8όργαζόμενοςΒ
1081 3183 1158 3256 ἐξερ-

139 3253 319 3328 γαζόμενοςῖ
385 3261 418 3310 10
433 3251 535 3326 χρόνον
555 3273 609 3312 om.
624 3257 649 3311 A
704 3263 736 3310 11
752 3257 914 3326 πατρωνίως
927 3259 952 3312 A
968 3259 973 3326 Ι
988 3263 1047 3319 τοῖς
1066 3255 1118 3327 μέν
1133 3259 1158 3312 Α

140 3335 203 3391 τοῖς
217 3369 224 3384 .
239 3369 246 3382 .
262 3371 268 3384 .
287 3328 311 3381 Β
384 3334 417 3382 13
432 3327 482 3382 καλ
499 3323 650 3394 παρόντων
668 3347 698 3382 τε
716 3345 739 3384 ο.
758 3329 862 3384 Βεὶεἱιο
935 3333 968 3382 15
987 3328 1063 3398 περὶ]
1083 3322 1157 3398 ὑπὲρ

141 3399 268 3455 Sintenis
291 3399 353 3454 Em.
373 3399 457 3464 Dion.
480 3400 520 3453 111
552 3418 579 3469 p.
604 3405 647 3468 22,
673 3399 762 3455 Cobet
785 3400 849 3454 Obs.
873 3417 900 3469 p.
919 3406 954 3454 41
1037 3405 1069 3454 16
1092 3401 1158 3470 περὶ

142 3465 293 3541 χρημάτων
314 3469 334 3526 G
354 3472 384 3526 et
401 3470 529 3526 Meineke
546 3473 550 3539 Ι
566 3465 657 3540 λόγων
675 3471 701 3523 A
765 3477 798 3525 21
818 3465 998 3540 ῶς.μάλιστα
1018 3465 1157 3530 όδάναντο

144 3559 168 3596 ο.
188 3541 328 3612 Kiessling
393 3547 426 3597 23
445 3540 627 3613 γαμουμένας
646 3542 700 3596 δελ.
719 3542 842 3597 Reudler
860 3542 952 3601 Τίτου.
971 3560 999 3613 p.
1019 3547 1053 3596 21
