2682 3982
550 243 716 293 -Γ·-
1077 239 1143 307 305

124 397 228 478 ἀλλος
242 395 293 466 ἐπ’
310 396 427 478 ἀλλαις
438 396 568 485 πληγάς
582 403 641 466 καί
650 423 720 478 πως
733 398 890 486 τυγχάνει
905 403 967 468 τοῦ
976 397 1144 488 Ῥωμαίου

67 504 187 574 458θιά
211 507 388 592 βουβῶνος
407 507 543 592 ἐνέγκας
564 503 603 574 τὸ
628 507 733 593 ξίφος.
775 503 793 573 ὁ
818 504 856 573 θέ
878 519 949 584 τοϊς
971 531 1006 575 τε
1029 503 1143 586 ἀλλοις

123 610 290 700 τραύμασι
317 613 549 699 κεκαρωμένος
575 610 641 698 ἤδη
669 613 725 680 καλ
752 609 816 699 τὴν
843 617 1037 680 τελευταίαν
1061 620 1142 700 πλη-

123 716 189 806 γὴν
225 718 474 806 θανατηφόρον
514 723 600 806 ἔχων
638 715 883 787 ὑπολυθέντων
919 723 989 788 τῶν
1031 722 1142 806 μελῶν

123 827 321 915 καταρρυείς
343 823 562 912 ἀποθνήσκει.
604 823 649 906 ἀς
672 825 710 894 θέ
732 822 824 894 τοῦτ’
847 823 941 894 εἶδον
966 827 1001 893 ολ
1021 801 1182 931 θεαταί,5

123 938 183 1022 τῆς
209 932 315 1020 μάχης
341 929 410 1019 ἅμα
441 929 563 1012 πάντες
590 929 797 1018 ἀνεβόησαν,
822 928 979 1018 Ἀλβανοὶ
1007 931 1068 1019 μὲν
1098 930 1143 1011 ὡς

123 1045 285 1120 νικῶντες
306 1037 384 1126 ἤθη,
401 1035 559 1126 Ῥωμαῖοι
582 1037 613 1106 θ’
635 1036 680 1118 ὡς
702 1039 934 1127 κρατούμενοι.
974 1037 1054 1118 τοὺς
1076 1037 1141 1126 γάρ

124 1146 167 1235 δὴ
195 1149 378 1234 σφετέρους
411 1145 474 1214 δύο
503 1160 575 1226 τοῖς
600 1147 711 1236 τρισὶν
736 1144 912 1233 Ἀλβανοίς
943 1142 1142 1234 εὐκατεργά-

124 1273 224 1333 στους
260 1251 500 1340 ὑπελάμβανον
537 1253 751 1340 γενησεσθαι.
811 1254 848 1320 ἐν
882 1243 909 1344 ᾧ
947 1249 978 1318 θ’
1014 1253 1142 1338 ἐγίνετο

123 1365 243 1447 ταῦτα,
272 1357 290 1428 ό
318 1365 534 1450 παρασπίζων
561 1364 606 1452 τῷ
632 1359 770 1428 πεσόντι
788 1356 950 1446 Ῥωμαίος
973 1355 1064 1445 ὁρῶν
1088 1360 1141 1426 ἐπὶ
1156 1377 1182 1420 1⁰

123 1472 169 1559 τῷ
193 1465 430 1555 κατορθώματι
457 1470 619 1555 περιχαρῆ
646 1465 708 1535 τὸν
728 1463 891 1551 Ἀλβανὸν
920 1463 1059 1533 ἀθείται
1087 1491 1142 1533 τα-

124 1571 185 1660 χὺς
208 1571 257 1641 ἐπ’
284 1569 388 1641 αὐτὸν
415 1572 471 1640 καὶ
498 1568 606 1640 αολλά
629 1571 691 1658 μὲν
717 1569 890 1658 τραύματα
914 1569 1011 1656 θοάς,
1034 1567 1142 1640 πολλά

125 1678 164 1748 ἀὲ
191 1677 291 1759 αὐτὸς
316 1676 431 1765 λαβὼν
459 1677 617 1765 τυγχάνει
640 1702 710 1756 πως
736 1674 819 1744 κατά
846 1680 905 1764 τῆς
928 1682 1060 1764 σφαγῆς
1083 1673 1142 1744 αό-

123 1788 186 1854 τοῦ
213 1784 324 1870 βάψας
349 1783 388 1853 τὸ
413 1784 510 1871 ξίφος
535 1784 591 1852 καλ
615 1781 891 1870 διαχρησάμενος.
937 1781 1141 1870 μεταβαλοό-
1161 1777 1181 1842 6

124 1911 186 1978 σης
209 1890 247 1958 δὲ
269 1895 327 1978 τῆς
348 1889 451 1978 τύχης
474 1892 511 1958 ἐν
535 1886 638 1981 ὀλίγφ
661 1887 702 1957 τά
728 1915 764 1956 τε
789 1892 859 1956 τῶν
882 1886 1141 1974 ἀγωνιζομένων
1156 1907 1182 1949 1⁶

125 2003 206 2086 ἔργα
228 1998 284 2065 καὶ
306 1995 346 2065 τά
369 1999 438 2065 τῶν
461 1997 647 2084 θεωμένων
669 1994 780 2081 πάθη,
807 1995 864 2062 καί
883 1992 1056 2082 Ῥωμαίων
1080 1994 1143 2082 μὲν

123 2103 440 2193 ἀναθαρρησάντων
468 2105 503 2172 ἐκ
532 2107 593 2190 τῆς
618 2101 784 2190 πρότερον
812 2107 1006 2188 κατηφείας,
1026 2099 1142 2188 Ἀλβα-

123 2215 195 2280 υεόν
225 2210 261 2279 δέ
294 2209 524 2299 ἀφηρημένων
553 2208 590 2278 τὸ
622 2223 757 2296 χαῖρον,
790 2208 884 2297 ἐτέρα
915 2205 1018 2276 πάλιν
1050 2205 1142 2276 ἀντι-

123 2317 296 2388 πνεύσασα
318 2331 390 2397 τοῖς
411 2321 479 2386 τάν
497 2315 675 2404 Ῥωμαίων
696 2313 937 2404 κατορθώμασι
959 2313 1042 2401 τάχη
1065 2313 1142 2382 τοό-

123 2451 192 2494 των
215 2423 277 2512 μέν
301 2427 501 2494 ἐταπείνωσε
518 2422 577 2502 τὰς
596 2426 742 2508 ἐλπίδας,
764 2421 805 2492 τά
825 2421 864 2490 δέ
883 2426 952 2490 τεόν
970 2427 1140 2508 πολεμίων
1154 2441 1181 2482 20

124 2531 325 2621 φρονήματα
343 2533 475 2620 ἐπῆρεν.
515 2534 577 2600 τοῦ
596 2529 660 2618 γὰρ
676 2528 841 2616 Ἀλβανοῦ
860 2528 1022 2608 πεσόντος
1040 2525 1058 2596 ό
1078 2527 1141 2616 τὴν

65 2643 272 2725 459πλησίον
296 2636 401 2707 αὐτοῦ
424 2643 509 2725 έχων
533 2636 652 2706 στάσιν
681 2633 828 2724 ἀδελφὸς
851 2636 1071 2723 συμπλέκεται
1094 2637 1140 2726 τῷ

122 2744 362 2832 καταβαλόντι,
393 2746 450 2814 καλ
480 2743 708 2832 τυγχάνουσιν
745 2741 931 2832 ἀμφότεροι
966 2740 1049 2810 κατά
1080 2739 1141 2810 τὸν

123 2847 228 2920 αὐτόν
251 2850 378 2939 χρόνον
400 2849 528 2938 πληγάς
546 2853 713 2933 ἐξαισίους
737 2851 965 2934 ἐξενέγκαντες
986 2845 1058 2915 κατ’
1084 2844 1141 2914 ἀλ-

122 2956 251 3044 λήλων,
275 2954 293 3025 ό
317 2957 379 3046 μὲν
399 2955 560 3045 Ἀλβανός
582 2960 643 3026 τοῦ
661 2953 828 3043 Ῥωμαίου
850 2953 934 3023 κατά
956 2957 1018 3022 τοῦ
1042 2978 1138 3040 μετα·
1152 2971 1179 3012 25

122 3065 254 3154 φρένου
275 3065 331 3132 καί
354 3065 450 3152 μέχρι
472 3069 541 3133 τῶν
565 3063 766 3151 σπλάγχνων
794 3060 904 3148 βάψας
926 3059 964 3128 τὸ
990 3061 1095 3147 ξίφος,
1120 3057 1138 3127 ό

196 3302 211 3351 1
230 3290 328 3359 ἀλλοις
348 3291 395 3351 ἀπ’
415 3291 513 3360 ἀλλαις
530 3299 650 3365 πληγαῖς
669 3295 691 3351 Ο
711 3311 781 3350 corr.
799 3291 938 3362 Meineke‚
958 3289 1047 3346 Cobet
1065 3289 1137 3344 Nov.

122 3368 199 3424 Ιιοολ.
219 3385 247 3437 p.
267 3371 319 3422 258
385 3366 587 3438 σεσωμένων
605 3368 631 3422 Α
701 3373 734 3420 21
755 3361 883 3434 ἐκῆρεΒ
950 3368 985 3420 24
1004 3357 1141 3431 ἐνέγκαν-

121 3459 168 3501 τες
182 3437 287 3494 Reiske
306 3434 510 3508 ἐπενέγκαντες
529 3455 551 3494 ο.
566 3437 718 3508 Kiessling,
732 3436 820 3492 Cobec
834 3434 897 3491 obs.
912 3453 939 3505 p.
950 3439 985 3489 64
1040 3439 1074 3488 25
1088 3433 1138 3488 τοῦ

122 3509 304 3582 μεταφρένου
322 3509 346 3564 Β
365 3510 421 3564 τῶν
440 3509 625 3580 μεταφρένοιν
643 3511 670 3564 R
1099 3531 1101 3535 ’

176 3619 276 3660 Dmm.
290 3619 356 3659 Eua.
369 3617 388 3658 L
402 3627 442 3658 ιτα.
455 3618 559 3660 mont.
943 3599 977 3648 20
