2698 3982
196 228 240 294 68
431 203 438 216 ’
621 235 786 282 -A—

196 388 268 476 ρόν.
310 385 348 468 ὃς
375 387 488 476 ἐπειδὴ
516 389 930 476 καταστρατοπεδεύσαντα
959 387 1020 458 τὸν
1046 387 1211 478 Ἡρακλέα

195 500 323 582 ἐμαθεν
352 497 389 563 ἐν
416 500 461 588 τῷ
490 509 646 584 προσεχεῖ
673 499 793 587 πεδίῳ,
824 500 1007 584 λῃστρικῶς
1035 499 1210 565 διασκευα-

197 601 341 688 σάμενος
370 603 536 690 ἐπιδρομῇ
568 606 730 694 αἰφνιδίῳ
768 601 929 690 ἐχρήσατο
965 607 1211 691 κατακοιμωμέ-

194 736 260 778 νου
282 712 342 778 τοῦ
366 714 510 798 στρατοῦ
532 710 588 778 καὶ
611 715 669 797 τῆς
697 716 787 790 λείας
809 707 872 798 ὅση
902 711 1058 796 ἐπέτυχεν
1080 707 1211 796 ἀφυλά-

168 843 261 909 5κτφ
289 815 553 906 περιβαλόμενος
575 814 755 903 ἀπήλασεν.
800 814 942 904 ὕστερον
976 816 1013 884 δὲ
1042 825 1211 885 κατακλει-

195 923 292 1002 σθεὶς
305 919 371 990 ὑπὸ
385 927 454 990 τῶν
464 920 637 1009 Ἑλλήνων
661 927 708 1002 είς
729 929 938 1010 πολιορκίαν,
960 923 1001 992 τά
1014 949 1049 991 τε
1063 923 1212 1012 φρούρια

194 1027 277 1097 κατὰ
304 1029 425 1116 κράτος
447 1026 560 1096 ἁλόντ’
596 1030 704 1098 ἐπεῖδε
731 1032 787 1098 καί
814 1029 914 1111 αὐτὸς
937 1033 974 1098 ἐν
997 1045 1068 1109 τοῖς
1090 1031 1211 1119 ἐρύμα-

196 1154 252 1202 σιν
274 1133 438 1223 ἀνηρέθη.
466 1139 533 1204 τῶν
549 1135 586 1202 δέ
600 1140 776 1224 φρουρίων
799 1135 906 1206 αὐτοῦ
928 1138 1212 1224 κατασκαφέντων

194 1239 234 1310 τά
257 1241 351 1328 πέριξ
374 1248 479 1328 χωρία
504 1245 539 1309 οἱ
560 1241 820 1323 συνεξελθόντες
837 1241 995 1330 Ἡρακλεῖ
1014 1241 1097 1312 κατὰ
1117 1250 1267 1332 σφᾶςςος

154 1375 180 1415 10
195 1347 301 1434 ἕτεροι
316 1351 506 1435 παρέλαβον
518 1347 673 1436 Ἀρκάδες
686 1350 724 1416 τέ
735 1377 825 1429 τινες
840 1353 877 1418 οί
888 1348 952 1418 σὺν
968 1347 1137 1442 Βλόάνδρφ
1153 1354 1211 1420 καὶ

196 1457 333 1534 Φαῦνος
356 1453 374 1524 ὁ
398 1459 466 1524 τῶν
487 1453 707 1542 Ἀβοριγίνων
731 1455 896 1542 βασιλεύς.
942 1455 1083 1525 εἰκάσειε
1108 1455 1140 1524 δ’
1166 1457 1211 1526 ἀν

194 1588 245 1640 τις
280 1562 335 1628 καὶ
371 1559 450 1641 τοὺς
485 1560 732 1649 ὑπομείναντας
771 1562 896 1632 αὐτόθι
936 1567 1003 1635 τόν
1036 1562 1211 1652 Ἑλλήνων

192 1665 344 1746 Ἐπειοὺς
365 1669 420 1734 καὶ
443 1666 522 1747 τοὺς
545 1671 580 1736 ἐκ
606 1673 735 1738 Φενεοῦ
755 1667 916 1758 Ἀρκάδας
937 1671 993 1738 καί
1021 1673 1135 1756 Τρῶας
1158 1672 1226 1764 ἐπὶΙ
1335 1671 1336 1676 ’

155 1775 328 1860 4φυλακῇ
356 1776 415 1858 της
442 1771 552 1860 χώρας
581 1779 857 1862 καταλειφθῆναι.
903 1775 1123 1863 στρατηγικὸν
1146 1775 1211 1864 γάρ

155 1909 181 1949 15
197 1877 238 1966 δὴ
263 1879 318 1946 καὶ
341 1883 440 1948 τοῦτο
464 1884 533 1948 τῶν
551 1877 754 1968 Ἡρακλέους
783 1887 890 1969 έργων
913 1883 968 1950 καὶ
993 1879 1133 1963 οὐδενὸς
1155 1874 1211 1968 ἦτ-

194 2013 254 2054 τον
277 1985 511 2074 θαυμάζεσθαι
533 1987 740 2074 ἐπιτήδειον,
762 1986 799 2056 τὸ
821 1987 862 2075 δὴ
880 1987 958 2067 τοὺς
976 1985 1212 2068 ἀνασπάστους

195 2095 231 2162 ἐκ
266 2096 335 2160 τῶν
371 2095 625 2182 κεκρατημένων
658 2094 790 2163 πόλεων
821 2098 903 2176 τέως
932 2095 994 2182 μὲν
1027 2095 1211 2182 ἐπάγεσθαι

194 2197 276 2268 κατὰ
299 2196 357 2278 τὰς
381 2205 563 2287 στρατείας,
588 2200 657 2266 ἐπεὶ
681 2200 718 2268 δὲ
736 2201 921 2288 προθύμως
944 2199 1023 2281 τοὺς
1045 2203 1212 2288 πολέμους

196 2306 469 2394 συνδιενέγκαιεν
506 2310 554 2386 είς
589 2304 629 2374 τά
669 2310 846 2394 δορίκτητα
882 2313 1078 2390 κατοικίζειν
1112 2310 1210 2396 <καί>

155 2425 265 2489 αυτοῖς
287 2408 361 2496 παρ’
389 2411 513 2498 ἑτέρων
535 2413 815 2498 ἐπιχορηγηθεῖσι
835 2417 1020 2502 δωρεῖσθαι
1044 2412 1211 2494 πλούτοις.

195 2515 251 2586 διὰ
274 2515 335 2604 μέυ
360 2513 401 2602 δὴ
424 2519 526 2586 ταῦτα
550 2519 706 2604 μέγιστον
727 2517 837 2606 ὄνομα
859 2520 915 2588 καί
938 2522 1034 2599 κλέος
1052 2517 1211 2608 Ἡρακλέ-

264 2719 280 2766 3
300 2711 348 2764 καλ
367 2710 545 2782 κοιμωμένου
561 2711 583 2767 0
598 2729 668 2766 corr.
684 2713 826 2780 Riessling
898 2719 914 2768 5
933 2713 1170 2789 περιβαλλόμενος
1186 2716 1209 2771 Ο

194 2801 262 2838 corr.
281 2781 383 2836 Reiske
464 2790 479 2837 6
499 2777 555 2837 ἀπὸ
575 2784 651 2838 ΔΒε.
731 2791 746 2838 7
766 2780 863 2838 ἁλόντ’
883 2785 1027 2843 Μεαῖτηετ
1045 2789 1117 2842 Ann.
1136 2787 1210 2856 phil.

196 2861 263 2910 1877
292 2872 319 2922 p.
339 2859 391 2908 824
420 2856 532 2910 auctore
561 2855 730 2925 Kiesslingio
760 2851 922 2910 ἕλόντωνΟ
949 2859 953 2926 Ι
979 2853 1076 2914 ἐπεῖδε
1105 2857 1210 2914 Βεὶελςο

195 2921 294 2993 ἐπειδὴ
320 2923 342 2978 Ο
373 2926 376 2992 Ι
407 2921 439 2979 ἐν
461 2931 520 2987 τοῖς
548 2921 685 2996 ἐρύμασιν
708 2927 730 2979 Β
762 2921 940 2996 ἀμυνόμενος
963 2929 988 2981 Α
1078 2936 1094 2984 9
1119 2923 1155 2982 τά
1178 2949 1210 2985 τε

193 2995 274 3066 πέριξ
293 2995 316 3048 Β
338 2996 342 3064 Ι
367 2991 554 3058 συνελθόντες
572 2998 619 3050 Aa
638 2993 833 3062 συνεξελόντες
861 3015 882 3051 ο.
902 2997 1004 3054 Reiske
1038 3001 1043 3068 Ι
1080 2996 1116 3054 τά
1135 2997 1229 3054 κατά

194 3068 268 3137 σφᾶς
287 3083 309 3120 ο.
326 3063 492 3136 θῖεφλιυυαε,
509 3061 573 3120 κατ’
594 3063 683 3135 ἀρχάς
701 3069 816 3137 Madvig
826 3069 896 3122 Adv.
908 3070 920 3122 1
934 3085 961 3137 p.
973 3076 1025 3125 724
1099 3077 1132 3126 10
1150 3068 1211 3126 ἓτε-

195 3133 574 3279 ῗάᾎέῗῑὲἵλςὸόῗὲἢῖῖ
606 3133 944 3278 Ρῆδὲὶπέλῗῗλῖίρεέξ
963 3141 1127 3266 έέὶὼιέ
1141 3144 1213 3270 εἶῖέ

195 3275 321 3340 παστους
339 3279 385 3332 Ba
416 3273 592 3340 ἀναστάτους
615 3296 637 3332 c.
657 3277 799 3348 Kiessling
882 3287 914 3335 1'1
930 3283 1013 3354 τέως]
1035 3301 1064 3336 τε
1084 3283 1110 3336 A
1138 3282 1213 3338 τέΒ

233 3357 266 3404 18
285 3345 400 3403 κατάΒ
432 3349 481 3404 καλ
499 3350 525 3402 A
549 3351 553 3416 Ι
579 3344 677 3416 ἐπειδὴ
698 3349 752 3404 ΑΒ
780 3368 850 3406 corr.
878 3353 1007 3408 Meineke
1100 3359 1133 3408 19
1162 3356 1214 3410 καὶ

196 3421 260 3474 add.
287 3419 416 3476 Meineke
506 3427 541 3475 20
570 3415 799 3489 ἐπιχορηγηθεῖσι
827 3423 873 3476 Bb
914 3420 1143 3494 ἐπιχορηγηστελς
1166 3426 1214 3482 Βε.

197 3487 409 3560 ἐπιχορηγήσεις
428 3492 453 3544 A
