2682 3982
605 205 769 258 -Β-

181 367 288 456 σχύνῆ
311 371 459 446 τίνοντες
486 368 581 444 δίκας
608 362 790 452 αὐτουργοὶ
818 362 939 444 πάντες
962 364 1113 450 έγίνοντο
1137 361 1197 430 καλ

179 473 241 542 τὸν
261 475 375 560 ἐτι-γῆς
388 468 713 541 πλούτον”ἀπάντων
732 469 814 540 ὄντα
830 470 1011 554 [πλούτων]
1029 469 1198 539 δικαιότα-

179 607 241 650 τον
262 584 321 669 τῆς
344 583 581 670 στρατιωτικῆς
602 578 658 646 καὶ
678 574 740 646 ούκ
763 579 903 665 ἐχούσης
925 576 963 646 τὸ
983 578 1121 664 βέβαιον
1141 573 1196 646 εύ-

141 691 299 776 3πορίας
322 686 527 775 γλυκύτερον
550 687 710 755 ἐτίθεντο.
755 688 800 777 τῷ
830 683 868 753 δὲ
890 683 993 775 Νόμᾳ
1015 689 1135 771 περιῆν
1160 685 1197 752 ἐκ

139 820 153 861 τ
181 797 309 876 τούτων
341 801 516 882 φιλείσθαι
548 791 610 880 μὲν
642 789 708 861 ὑπὸ
740 795 808 860 τῶν
840 788 1052 880 ἀρχομένων,
1081 793 1195 878 ζηλού-

50 909 55 918 ’
85 969 93 982 ,
181 911 263 969 σθαι
292 898 324 968 δ’
350 897 416 968 ύπδ
442 903 512 968 τῶν
538 905 733 987 περιοίκων,
765 897 1038 986 μνημονεύεσθαι
1061 895 1092 965 δ’
1122 895 1255 972 imm

180 1011 247 1077 τῶν
272 1007 527 1094 ἐπιγινομένων·
560 1005 606 1073 δι’
632 997 683 1074 ιδν
706 1004 783 1074 οὔτε
811 1004 926 1085 στάσις
949 1005 1109 1092 ἐμφύλιος
1130 1001 1194 1092 τῆν

180 1113 354 1201 πολιτικὴν
378 1119 497 1182 ἔλυσεν
524 1109 704 1200 δ’μόνοιαν,
735 1109 812 1181 ούτε
839 1111 984 1200 πόλεμος
1006 1109 1196 1198 ἀλλοεθνὴς

182 1222 218 1288 ἐκ
253 1225 323 1289 τῶν
357 1225 543 1307 κρατίστων
564 1215 635 1288 ικαὶ
670 1218 961 1307 θαυμασιωτάτων
996 1217 1058 1304 τῆν
1094 1211 1195 1286 πόλιν

141 1351 167 1390 ιο
182 1327 452 1414 ἐπιτηδευμάτων
485 1329 626 1414 ἐκίνησε.
685 1329 849 1395 τοσοῦτον
883 1325 947 1412 γάρ
979 1323 1124 1413 ἀπέσχον
1161 1329 1198 1393 oc
1320 1411 1321 1418 χ

180 1438 343 1520 περίοικοι
372 1431 433 1520 τῆν
465 1431 635 1520 ἀπόλεμον
663 1430 806 1520 ἡσυχίαν
830 1430 1002 1520 Ῥωμαίων
1035 1429 1194 1520 ἀφορμῆν

180 1543 239 1626 τῆς
269 1537 340 1608 κατ’
375 1538 487 1610 αὐτῶν
520 1540 700 1619 ἐπιθέσεως
731 1537 930 1627 ύπολαβείν,
963 1537 1047 1608 ὥστε
1077 1539 1133 1607 καλ
1165 1547 1200 1608 εί

180 1673 230 1726 τις
251 1644 380 1727 -αύτοῑς
415 1646 499 1735 πρὸς
520 1645 706 1734 ’ἀλλήλους
745 1647 887 1734 συνέστη
924 1645 1068 1734 πόλεμος
1105 1649 1194 1714 διαλ-

180 1755 345 1842 λακτῆρας
368 1757 546 1824 ἐποιοῦντο
563 1752 749 1841 Ῥωμαίους
765 1754 821 1822 καλ
845 1754 898 1822 ἐπὶ
922 1755 1073 1843 διαιτητῇ
1092 1751 1195 1842 Νόμᾳ

180 1859 238 1940 τάς
266 1863 391 1949 ἔχθρας
418 1860 571 1930 διαλύειν
597 1857 724 1948 ῆξίουν.
766 1849 896 1930 Ιτοῦτον
924 1852 1032 1948 <ούν>
1061 1857 1123 1929 οὐκ
1150 1854 1194 1926 ἀν

181 1971 405 2060 αἰσχυνθείην
428 1965 492 2054 ἐγὼ
516 1965 575 2036 τδν
599 1966 711 2055 ἀνδραΙ
733 1971 801 2038 τῶν
825 1965 876 2036 ἐπ’
902 1965 1100 2056 εύδαιμονίηι
1123 1970 1194 2034 δια-

180 2075 379 2160 βοηθέντων
394 2077 445 2164 Ιἐν
472 2087 542 2155 τοϊς
568 2073 712 2164 πράτοις
739 2084 970 2162 καταρνθμείν.
1017 2074 1137 2160 γένους
1158 2097 1194 2142 τε

125 2169 134 2177 ’
180 2177 244 2266 γάρ
273 2185 339 2268 ἔφυ
369 2185 543 2267 βασιλείου
573 2183 630 2250 καλ
662 2185 795 2270 μορφῆς
826 2178 992 2249 ἀπέλαυσε
1020 2183 1194 2267 βασιλικῆς

140 1831 162 1893 4

141 1916 166 1958 15

180 2290 337 2356 παιδείαν
364 2313 399 2356 τε
427 2285 469 2356 ού
495 2285 558 2376 τῆν
589 2288 664 2376 περὶ
691 2288 814 2375 λόγους
841 2286 1009 2376 ἀχρηστον
1036 2279 1203 2374 ῆσκησεν,Ι
1273 2317 1279 2325 “

141 2423 168 2464 εο
181 2388 255 2460 ἀλλ’
281 2395 315 2475 ἐξ
338 2385 378 2481 ῆς
400 2391 552 2482 εύσεβείν
575 2399 680 2482 ἔμαθε
702 2397 758 2463 καί
781 2393 839 2474 τάς
861 2393 963 2474 ἀλλας
986 2391 1194 2480 ἐπιτηδεύειν
1294 2481 1297 2485 Ι

141 2503 162 2568 5
180 2496 307 2587 ἀρετάς.
348 2499 534 2588 ῆνεμονίαν
554 2501 591 2570 δὲ
608 2500 671 2590 τῆν
684 2499 856 2589 Ῥωμαίων
874 2507 1080 2590 παραλαβεῖν
1097 2497 1194 2588 ῆξιά·

180 2615 228 2692 θη
252 2607 328 2686 νέος
351 2603 400 2675 ἀν
426 2607 510 2676 κατά
528 2609 627 2688 κλέος
653 2607 774 2697 ἀρετῆς
799 2605 857 2676 ὑπ’
883 2605 996 2676 αὐτῶν
1020 2609 1194 2694 ἐπίκλητος

181 2708 298 2798 ἀχθεὶς
328 2713 384 2782 καλ
417 2716 577 2782 διετέλεσε
612 2717 829 2802 πειθομένοις
860 2713 991 2783 ἅπαντα
1018 2713 1078 2782 τὸν
1110 2719 1248 2800 βίονςος

179 2832 250 2899 τοῖς
277 2815 475 2907 ἀρχομένοις
506 2819 688 2910 χρώμενος·
720 2819 850 2909 ἡλικίας
882 2819 914 2888 δ’
946 2821 998 2889 ἐπὶ
1030 2819 1193 2908 μῆκιστον

254 3056 268 3104 1
288 3053 428 3115 τείνοντες
445 3053 468 3107 Β
484 3054 489 3122 Ι
506 3047 632 3122 ἐγίνοντο
651 3054 697 3107 Bb
716 3047 849 3121 ἐγένοντο
867 3052 892 3106 Β
964 3057 980 3106 2
999 3045 1128 3123 πλούτων
1146 3051 1193 3106 de·
1232 3093 1236 3112 .

180 3119 251 3176 levit
269 3121 419 3195 Kiessling,
438 3125 561 3180 Reudler
575 3124 666 3186 Τίεοο.
681 3143 707 3194 p.
723 3127 757 3177 25
829 3129 846 3178 4
865 3118 940 3193 νόμα
959 3139 1014 3178 om.
1029 3123 1054 3176 A
1117 3127 1133 3176 7
1150 3116 1190 3176 δι’

146 3268 148 3272 Ι
181 3183 220 3246 άν
248 3193 271 3246 Β
302 3189 342 3248 δι’
367 3188 401 3250 ὃν
428 3195 454 3248 Β
535 3201 569 3251 10
596 3195 730 3250 τοσούτολ
814 3200 848 3249 14
875 3177 1004 3284 διαίτητῆ
1034 3193 1193 3264 Stephanus

180 3263 275 3333 διαίτη
291 3265 325 3334 τῆ
345 3265 368 3320 Ο
446 3271 479 3322 15
498 3267 600 3321 τοῦτον
619 3257 672 3320 ούν
692 3267 736 3322 vel
758 3260 795 3336 δὴ
818 3265 865 3320 vel
888 3262 941 3335 μὲν
964 3267 999 3335 δη
1025 3265 1075 3318 aut
1092 3257 1150 3332 ἀρα
1168 3280 1192 3320 ο.

181 3331 339 3403 Stephanus
412 3343 445 3392 18
464 3337 514 3391 καλ
531 3337 554 3394 Β
573 3354 626 3392 om.
646 3337 818 3426 ΒΙμορφῆς
836 3332 900 3392 ά.Β
920 3337 1031 3424 μορφῆς
1049 3354 1079 3390 τε
1099 3330 1125 3390 ά.
1144 3334 1191 3407 R!

181 3399 376 3534 άτκκχχλαυαὸ
384 3409 407 3462 Β
480 3415 513 3463 19
532 3409 666 3462 παιδείαν
685 3428 714 3463 τε
734 3427 799 3463 ουτε
814 3408 880 3478 περὶ
892 3407 918 3460 A
934 3411 937 3478 Ι
954 3413 1055 3477 λοηονς
1074 3405 1192 3476 Stepha-

180 3493 232 3530 nus
266 3497 334 3547 οχον
