2670 3984
543 223 710 276 -Α-
1093 227 1137 290 99

115 383 245 471 χρόνον
280 391 506 472 γεωργεῖσθαι
542 380 694 451 ἀδῦνατα
729 373 791 470 ήν,
824 385 859 452 οί
889 383 927 453 δὲ
959 383 1139 475 ἀνθρωττοι

116 489 246 582 (η’όκουν
283 488 347 577 γὰρ
375 487 442 557 ἀνά
464 486 505 558 τόι
541 487 604 578 ὀρη
636 495 802 578 γλίσχρως
834 490 1049 580 ποριζόμενοι
1080 492 1140 574 τάς

114 595 259 686 τροφάς)
283 594 586 686 συμφρονήσαντες
609 593 654 677 ἀς
678 595 739 684 οὐχ
763 595 861 684 ίκανή
885 596 1022 684 βόσκειν
1046 603 1138 669 ἔσται

114 702 245 782 πάντας
274 701 294 789 ή
325 707 489 800 περιοῦσα
518 706 561 790 γή
592 705 753 791 νέμονται
777 707 866 791 σῳοῖς
889 701 1012 784 αότοὺς
1042 707 1138 793 διχῇ·

114 811 171 878 καί
204 807 318 878 αῦτῦν
347 813 383 878 οί
412 809 474 897 μὲν
503 811 540 878 ἐν
566 807 724 902 Ἀρκαδίῳ
755 807 966 897 ὑπομένουσι
997 813 1165 897 βασιλέας

114 915 405 1004 καταστησάμενοι
420 921 594 1004 Δείμαντα
616 915 677 986 τὸν
692 915 891 1006 Δαρδάνου,
916 920 951 985 οί
968 915 1005 984 δὲ
1023 918 1137 985 λοιποί

116 1021 361 1090 ἀπανίστανται
388 1021 659 1110 Πελοποννήσου
692 1021 800 1114 στόλῳ
833 1022 975 1114 μεγάλῳ.
1019 1020 1177 1092 ποιοῦ-3

62 1143 218 1216 155μενοι
251 1129 290 1197 δὲ
324 1128 386 1198 τὸν
421 1133 531 1198 πλοῦν
567 1127 658 1218 παρά
690 1128 753 1217 τήν
786 1127 956 1216 λῦῦροόπην
989 1133 1037 1210 είς
1073 1128 1136 1198 τόν

115 1238 260 1304 Μέλανα
288 1235 500 1324 καλούμενον
528 1234 754 1324 ἀφικνοῦνται
776 1235 904 1305 κόλπον
932 1236 988 1304 καί
1015 1236 1136 1324 τυγχά-

115 1361 239 1410 νουσιν
273 1345 310 1412 ἐν
342 1343 437 1435 νήσῳ
468 1344 536 1412 τινὶ
567 1346 627 1429 τής
658 1341 791 1432 Θρᾴκης
823 1341 1060 1432 ὁρμισάμενοι,
1091 1339 1136 1430 ἣν
1151 1367 1177 1407 ιο

117 1448 179 1518 οῦκ
202 1455 266 1538 ἔχει
291 1454 397 1518 εἰπεῖν
420 1458 485 1519 εἴτε
507 1441 551 1536 ήν
576 1451 758 1538 οἰκουμένη
786 1451 843 1518 καί
864 1449 1045 1538 πρότερον,
1074 1448 1134 1519 είτ’

117 1561 258 1642 ἔρημος·
290 1545 311 1644 ή
338 1559 491 1624 τίθενται
519 1554 670 1642 τοῦνομα
700 1554 870 1624 σύνθετον
894 1561 930 1624 ἔκ
951 1583 987 1625 τε
1010 1554 1137 1644 ἀνδρὸς

113 1662 171 1730 καί
193 1660 312 1747 τόπου,
326 1661 573 1754 Σαμοθρᾴκην·
595 1660 633 1730 τὸ
657 1661 802 1750 μὲνγὰρ
822 1668 948 1750 χωρίον
970 1667 1029 1750 τής
1048 1662 1135 1754 Θρά-

114 1795 190 1854 κης,
219 1765 237 1836 ὁ
267 1767 305 1836 δὲ
333 1767 480 1856 οἰκιστής
501 1767 647 1856 Σάμων,
674 1767 750 1849 υίὸς
766 1766 893 1856 Ἑρμοῦ
919 1770 976 1838 καὶ
998 1769 1136 1858 νύμφης

114 1878 333 1961 Κυλληνίδος
349 1871 471 1962 Ῥήνης
494 1872 751 1962 ὀνομαζομένης.
792 1877 862 1943 ἐκεῖ
883 1874 921 1942 δὲ
943 1875 1070 1964 χρόνον
1091 1875 1132 1946 οῦ

113 1979 225 2050 πολῦν
249 1985 495 2068 διατρίψαντες,
518 1978 563 2062 ὡς
587 1979 648 2050 οῦκ
662 1980 808 2069 εῦμαρής
830 1972 875 2067 ήν
891 1979 909 2049 ὁ
924 1985 998 2068 βίος
1021 1980 1135 2062 αὐτοῖς

114 2091 162 2176 γή
181 2114 217 2156 τε
240 2091 351 2177 λυπρᾷ
372 2087 428 2154 καί
451 2086 601 2177 θαλάττη
624 2086 726 2179 ἀγρίῳ
753 2089 971 2176 μαχομένοις,
999 2087 1136 2175 ὀλίγους

115 2193 211 2274 τινάς
238 2196 275 2262 έν
297 2197 338 2282 τή
365 2193 459 2286 νήσῳ
488 2194 680 2283 λειπόμενοι
709 2193 952 2263 ἀπανίστανται
974 2195 1078 2263 πάλιν
1101 2199 1137 2264 οἱ

114 2305 253 2379 πλείους
275 2304 323 2379 είς
348 2299 411 2386 τήν
432 2299 546 2369 Ἀσίαν
575 2306 706 2388 ἔχοντες
728 2298 878 2388 ἡγεμόνα
900 2305 958 2387 τής
981 2299 1135 2382 ἀποικίας

115 2405 323 2494 Δάρδανον·
348 2405 463 2487 Ἴασος
489 2406 553 2495 γάρ
577 2410 615 2476 έν
637 2411 677 2497 τῇ
700 2407 794 2498 νήσῳ
822 2411 975 2500 κεραυνῷ
998 2410 1136 2496 πληγείς
1149 2429 1176 2470 20

115 2517 253 2603 τελευτᾷ
272 2513 453 2603 Δήμητρος
471 2513 574 2602 εάνής
593 2513 822 2602 ὀριγνώμενος
836 2518 887 2599 [οί
899 2519 1015 2601 ἔχειν]·
1039 2539 1135 2603 ποιη-

64 2646 116 2696 156
126 2619 271 2708 σάμενοί
286 2646 321 2689 τε
339 2619 401 2708 τήν
421 2619 589 2708 ἀπόβασιν
600 2624 638 2690 έν
651 2625 697 2714 τῳ
707 2624 904 2712 καλουμένῳ
918 2625 984 2690 νῦν
997 2619 1134 2709 Ἑλλησ-

114 2727 229 2818 πόντῳ
252 2727 329 2815 περὶ
354 2725 417 2814 τήν
448 2726 591 2814 ὕστερον
624 2736 810 2815 κληθεῖσαν
839 2731 1018 2810 οίκιζονται
1034 2736 1134 2818 Φρυ-

1153 1846 1177 1910 4

1148 1932 1175 1973 1⁵

188 2981 204 3030 6
234 2971 479 3046 καταστησάμενοι
501 2975 605 3032 Reiske
628 2971 797 3046 στησάμενοι
816 2976 839 3031 0
922 2981 938 3031 8
957 2972 1091 3046 εῦράπην
1110 2975 1133 3030 Ο

115 3046 260 3117 εάραπίης
287 3061 310 3100 ο,
334 3045 437 3102 Reiske
466 3043 583 3122 Θρᾴκην
606 3063 629 3104 ο.
654 3047 743 3103 Cobet
767 3046 832 3102 Oba.
859 3065 887 3117 p.
907 3054 941 3102 32
1032 3052 1065 3100 10
1084 3046 1135 3114 τῆς

116 3113 234 3204 Θράκης
261 3117 316 3172 del.
345 3117 434 3173 Cobet
455 3117 475 3172 l.
498 3119 518 3175 1.
606 3125 639 3173 12
668 3115 770 3188 ἔρημος
805 3118 949 3208 Κίοιελίυγ
990 3111 1081 3202 ἐρήμη
1108 3118 1134 3171 R

116 3187 208 3260 έρημη
232 3179 310 3258 ήνΒ
392 3195 426 3244 13
445 3184 615 3261 σαμοδράκη
639 3191 661 3244 Β
686 3191 690 3258 Ι
716 3184 771 3258 γὰρ
795 3189 892 3244 om.B
919 3208 956 3257 ην
976 3189 1090 3262 Θρμκης
1109 3204 1132 3242 ο.

114 3260 246 3316 Hertlein
264 3258 380 3314 Hermes
398 3259 424 3313 X
441 3278 468 3348 ρ.
488 3267 540 3316 403
614 3267 646 3315 21
668 3256 801 3315 ἐτελεύτα
820 3278 844 3318 ο.
863 3258 1024 3330 ΚίεειλίυςΙ
1046 3253 1133 3326 εόνής

114 3333 163 3387 Bb
192 3324 282 3399 εάνήν
300 3331 375 3386 ΑΒυ
403 3333 408 3400 Ι
438 3351 476 3394 ας
499 3329 529 3386 οί
550 3329 626 3402 ἔχειν
643 3332 669 3386 R
697 3325 735 3394 ῦς
753 3329 783 3387 οἱ
800 3329 858 3400 ἔχει
876 3331 933 3401 Ba,
962 3329 1068 3385 delevit
1085 3329 1132 3384 Bb

115 3416 188 3484 ὡςὸ
213 3413 297 3488 λόγος
320 3417 379 3490 ἔχει
403 3437 425 3476 ο.
449 3419 605 3506 Kiessling,
632 3405 894 3488 εόνήῦάίσγόῦέιν
920 3437 943 3474 c.
963 3417 1134 3489 Grasberger

114 3494 191 3548 Tess.
211 3489 328 3561 Herbip.
347 3509 375 3562 p.
395 3496 429 3545 10
452 3493 456 3560 Ι
480 3509 672 3562 ποιησάμενος
689 3493 715 3545 Α
795 3497 831 3546 23
849 3490 899 3544 καί
921 3490 987 3559 περὶ
1009 3491 1034 3545 Α

933 3579 971 3634 7*
994 3597 999 3611 ¹
1033 3599 1035 3605 ’
1174 3600 1191 3638 :1
1207 3596 1227 3638 J:
