2660 3986
195 233 262 298 354
618 237 859 320 -r-‚

196 394 248 462 ἐπὶ
281 391 342 462 τὸν
378 390 506 481 χάρακα
541 395 610 462 τῶν
646 398 815 479 πολεμίων
852 389 1057 480 ἀφικόμενος
1090 389 1212 478 ὀλίγην

196 505 316 588 ἔχοντα
343 496 498 586 φυλακὴν
525 497 774 586 καταλαμβάνει
804 496 843 566 τὸ
872 503 978 586 ἔρυμα
1006 499 1040 580 ἐξ
1070 497 1211 585 ἐφόδου,

200 605 389 694 Ταρκύνιον
414 605 452 673 δὲ
469 603 548 686 τοὺς
566 608 681 685 -ίππεῑς
703 603 829 691 ἄγοντα
853 605 906 673 ἐπὶ
923 603 1002 686 τοὺς
1025 605 1062 674 ἐν
1085 628 1209 691 προνο

155 715 273 800 ὁμαίς
310 714 574 799 ἐσκεδασμένους
609 714 802 798 ἐπείγεσθαι
844 713 980 782 ἐκέλευε.
1040 711 1210 800 μαθόντες

168 819 234 892 εδδ
266 822 301 888 οί
326 824 473 906 Σαβῖνοι
504 817 566 906 τὴν
598 822 701 888 ἵππον
733 821 802 888 τῶν
829 816 1002 905 Ῥωμαίων
1034 817 1089 888 ἐπὶ
1121 821 1209 903 σφάς

195 925 407 996 ἐλαύνουσαν
434 924 576 1014 άφέντες
604 925 667 1013 τὴν
699 931 793 995 λείαν
823 927 879 994 καὶ
907 923 966 1005 τάς
992 922 1095 1007 άλλας
1118 921 1263 1010 τάφε-σει

194 1037 300 1119 λείας,
333 1030 414 1113 ὅσας
446 1031 569 1120 ἔφερόν
600 1059 636 1102 τε
664 1033 721 1102 καὶ
750 1024 851 1119 ἦγον,
884 1037 1029 1120 ἔφευγον
1062 1032 1116 1100 ἐπὶ
1146 1029 1209 1100 τὸν

194 1138 335 1227 χάρακα·
364 1136 414 1219 ὡς
446 1138 484 1208 δὲ
515 1136 673 1212 κάκείνου
706 1145 859 1226 ἔγνωσαν
891 1138 1114 1228 κατεχόμενον
1141 1135 1209 1206 ὑπὸ

194 1249 263 1314 τῶν
293 1248 415 1331 πεζῶν,
452 1243 658 1334 ἀποροῦντες
685 1243 764 1314 όποι
799 1245 981 1332 τράποιντο
1010 1247 1209 1314 συνέτειναν

155 1378 182 1418 10
196 1356 243 1431 είς
265 1350 348 1432 ὕλας
369 1378 405 1420 τε
426 1352 483 1420 καὶ
507 1349 579 1441 όρη.
625 1352 827 1441 διωκόμενοι
855 1351 892 1420 δὲ
914 1349 980 1421 ὑπὸ
1006 1356 1074 1420 τῶν
1097 1354 1209 1434 ψιλῶν

193 1459 248 1527 καὶ
278 1461 347 1528 τῶν
377 1461 504 1528 ἱππέων
535 1455 645 1546 ὀλίγοι
674 1462 738 1547 μέν
766 1487 857 1540 τινες
886 1457 1081 1546 ἐσώθησαν,
1108 1461 1144 1527 οί
1170 1457 1209 1526 δὲ

194 1571 329 1646 πλείους
353 1565 600 1654 διεφθάρησαν.
648 1567 705 1636 καὶ
728 1565 809 1655 μετά
835 1564 898 1654 τὴν
926 1563 1107 1653 συμφορὰν
1129 1564 1209 1634 ταύ-

192 1696 255 1758 την
283 1671 571 1761 πρεσβευσάμενοι
602 1671 705 1740 πάλιν
737 1677 785 1753 είς
806 1669 938 1760 Ῥώμην
968 1672 1104 1761 εἰρήνης
1130 1698 1208 1758 τυγ-
1317 1711 1318 1736 ι

193 1777 359 1865 χάνουσιν
388 1781 462 1860 οἵας
489 1777 680 1864 ἐβούλοντο.
730 1784 778 1848 ἐτι
805 1777 869 1867 γάρ
898 1777 916 1848 ὁ
943 1777 1027 1866 πρὸς
1052 1777 1112 1859 τάς
1138 1786 1209 1846 Λα-

155 1909 181 1952 15
194 1889 299 1954 τίνων
339 1884 453 1966 πόλεις
493 1883 704 1972 συνεστηκὼς
742 1899 814 1965 τοῖς
849 1882 1024 1974 Ῥωμαίοις
1064 1885 1210 1972 πόλεμος

193 1989 378 2078 ἀναγκαίας
401 1994 506 2067 ἐποίει
527 1989 586 2072 τάς
608 1990 692 2079 πρὸς
716 1989 796 2073 τοὺς
818 1989 943 2074 ἄλλους
961 1989 1106 2080 ἐχθροὺς
1128 1989 1209 2060 άνο-
1318 2059 1319 2080 ρ

194 2096 255 2184 χάς
276 2123 311 2166 τε
333 2098 389 2166 καί
413 2096 591 2178 διαλύσεις.

281 2205 430 2274 XXXXL
471 2204 623 2297 Τετάρτφ
656 2204 694 2273 δὲ
725 2206 868 2293 μάλιστα
899 2203 980 2294 μετά
1013 2205 1114 2274 τόνδε
1145 2203 1209 2274 τὸν

193 2309 342 2398 πόλεμον
370 2313 512 2404 ἐνιαυτῷ
535 2310 692 2400 Μάρκιος
719 2309 737 2380 δ
765 2315 834 2382 τάν
854 2308 1027 2399 Ῥωμαίων
1050 2309 1210 2399 βασιλεὺς

153 2415 254 2502 εοτήν
277 2441 313 2485 τε
335 2416 509 2506 πολιτικὴν
534 2417 683 2505 δύναμιν
711 2417 804 2505 άγοιυ
826 2419 882 2488 καὶ
909 2417 972 2506 τὴν
995 2417 1209 2507 συμμαχικὴν

192 2522 489 2612 μεταπεμψάμενος
516 2523 602 2612 ὅσην
630 2525 774 2594 ἐδύνατο
800 2530 960 2613 πλείστην
987 2524 1208 2615 ἐστράτευσεν

193 2628 246 2696 ἐπὶ
271 2626 498 2710 Οὐιεντανοὺς
519 2631 576 2702 καὶ
598 2630 728 2719 πολλὴν
754 2636 813 2718 τῆς
834 2631 944 2721 χώρας
965 2630 1079 2702 αὐτῶν
1102 2631 1208 2722 ἐδῄω-

192 2752 260 2802 σεν.
310 2736 433 2803 ἐκείνοι
462 2733 495 2804 δ’
520 2735 665 2826 ἤρξαντο
694 2739 837 2830 ἐνιαυτῷ
864 2740 1029 2827 πρότερον
1060 2743 1108 2820 είς
1135 2737 1263 2826 τὴνοεε

187 2837 360 2930 Ῥωμαίων
392 2844 458 2928 γῆν
490 2842 691 2930 ἐμβαλόντες
721 2845 778 2914 καὶ
809 2842 934 2926 πολλάς
965 2844 1027 2932 μὲν
1055 2843 1209 2933 ἁρπαγάς

151 2970 178 3013 ευ
193 2947 384 3037 χρημάτων,
406 2947 515 3018 πολὺν
539 2948 577 3017 δὲ
599 2947 795 3040 ἀνθρώπων
823 2949 970 3039 ὄλεθρον
993 2951 1208 3040 ποιήσαντες·

208 3197 211 3204 ,
262 3143 398 3207 arnum
412 3143 435 3200 Ο
450 3161 520 3203 cort.
534 3145 677 3217 Kiessling
732 3141 901 3217 ’ίέφέρουτο
919 3147 1007 3220 καλΑ
1061 3142 1205 3222 θόπηΒΙ

191 3215 357 3271 συνέτειναν
373 3214 400 3268 R
418 3215 580 3273 συνέτεινον
597 3217 621 3272 Β
691 3223 723 3273 11
743 3213 773 3272 ολ
788 3215 822 3274 δὲ
840 3217 955 3281 πλείους
976 3219 999 3273 Β
1017 3215 1048 3273 οἱ
1063 3223 1108 3276 πλ.
1127 3217 1161 3274 δὲ
1180 3219 1208 3274 Β.

192 3292 226 3342 14
246 3281 296 3356 ἐφ’
316 3283 358 3350 οίς
381 3303 405 3344 ε.
424 3287 561 3344 ΒδεοεΙεε
631 3293 667 3344 20
684 3289 735 3358 τῆς
753 3288 931 3380 συμμαχικῆς
953 3307 977 3346 ο.
1001 3287 1125 3346 Sintenis
1142 3291 1206 3348 Em.

190 3355 271 3414 Dion.
290 3357 318 3412 II
340 3375 368 3430 p.
389 3362 437 3427 11,
462 3354 514 3414 τ“ν
538 3357 592 3414 del.
616 3359 754 3416 Bsicheler
835 3366 868 3416 23
891 3361 981 3432 ηρξαν
1004 3360 1043 3434 τῷ
1067 3357 1208 3450 πρότερον

192 3423 313 3501 ἐνιαυτῷ
333 3443 356 3483 ο.
372 3428 462 3486 cobet
476 3379 541 3486 ὅδε.
556 3447 584 3500 p.
601 3436 634 3486 69
698 3437 733 3486 24
752 3431 804 3502 μὲν
822 3430 845 3486 Β
863 3448 917 3489 om.
936 3431 962 3486 R
1028 3438 1063 3488 2⁶
1082 3436 1207 3503 ολεθρον

190 3494 355 3567 ἀνθρώπων
373 3500 397 3554 Β
415 3495 578 3572 ἀνθρώπων
596 3495 636 3557 ἀλ.
655 3501 681 3555 R
699 3501 814 3573 φθόρον
832 3496 859 3558 ά.
878 3502 1020 3574 Kiessling
