2670 3984
597 237 759 290 ,Β-

173 392 327 464 άλόντων
351 399 439 476 ίδίας
461 391 482 482 ἢ
507 401 621 482 ζημίας
649 393 827 484 ὀφλόντων
861 401 1024 486 δημοσίας
1050 396 1192 486 άργνρι-

172 502 236 571 κόν
260 501 401 590 ἐχούσας
422 508 546 591 τίμημα
570 506 605 572 ἐκ
628 508 696 573 τῶν
719 508 816 574 ἰδίων
835 505 979 574 λύεσθαι
997 505 1194 595 χρημάτων,

176 608 217 678 ού
242 613 447 697 δανείσματα
466 614 658 699 ποιοῦντας,
676 609 761 681 ἀλλὰ
779 611 925 699 χάριτας·
953 618 991 681 ἔν
1013 638 1049 680 τε
1072 610 1194 699 ἀρχαῖς

174 715 231 784 καλ
253 721 473 805 γερηφορίαις
491 720 547 785 καλ
565 732 638 797 ταῖς
656 715 774 798 α”λλαις
785 731 858 798 ταῖς
881 723 928 798 είς
950 718 990 787 τά
1009 717 1108 787 κοινά
1133 723 1192 786 δα·

134 863 148 902 ⁵
174 816 297 904 πάναις
317 828 386 892 τῶν
409 822 640 912 ἀναλωμάτων
668 822 714 905 ῶς
740 823 819 906 τούς
846 826 936 912 γένει
959 825 1194 914 προσήκοντας

135 943 156 1008 3
175 930 332 1019 μετέχειν.
369 934 467 1020 κοινῇ
491 929 523 998 δ’
544 929 747 1020 ἀμφοτέροις
770 932 847 1000 ούτε
870 931 968 1001 ὅσιον
992 930 1069 1001 ούτε
1091 934 1194 1019 θέμις

176 1029 219 1124 ἦν
243 1050 441 1124 κατηγορεῖν
465 1034 621 1126 ἀλλήλων
640 1039 693 1106 ἐπὶ
713 1043 822 1118 δίκαις
843 1033 864 1126 ἢ
882 1051 1149 1126 καταμαρτυρεῖν
1169 1033 1191 1124 ἢ

175 1149 293 1232 ψῆφον
321 1145 480 1213 ἐναντίαν
508 1146 680 1234 ἐπιφέρειν
709 1142 729 1234 ἢ
757 1144 928 1234 μετὰτῶν
956 1149 1091 1233 ἐχθρῶν
1122 1147 1248 1228 &ge-258
1322 1215 1323 1218 ,

174 1250 343 1333 τάζεσθαι.
379 1255 411 1320 εί
425 1252 473 1319 ’δέ
490 1279 540 1332 τις
560 1253 768 1340 ἐξελεγχθείη
790 1252 920 1322 τούτων
942 1279 974 1320 τι
994 1252 1192 1341 διαπραττό-

137 1387 163 1426 10
177 1385 278 1446 μενος
298 1364 414 1446 ἔνοχος
432 1352 476 1446 ἦν
493 1363 539 1454 τῷ
558 1361 653 1452 νόμφ
672 1364 731 1448 τῆς
748 1363 943 1447 προδοσίας,
962 1356 1003 1427 δν
1022 1359 1192 1448 ἐκύρωσεν

178 1463 398 1553 δῬωμύλος,
424 1464 486 1535 τὸν
518 1466 557 1534 δὲ
589 1464 716 1536 ἁλόντα
747 1471 793 1559 τῷ
821 1468 1018 1558 βουλομένῳ
1046 1471 1192 1534 κτείνειν

178 1569 275 1640 ὅσιον
304 1563 348 1659 ἦν
377 1569 421 1653 ῶς
447 1577 543 1660 θύμα
567 1575 629 1641 τοῦ
655 1577 885 1660 καταχθονίου
908 1571 1003 1651 Διός.
1053 1574 1091 1640 έν
1110 1577 1192 1670 Ιἔθει

176 1676 241 1766 γὰρ
259 1675 445 1766 Ῥωμαίοις,
469 1677 572 1758 ὅσους
594 1678 776 1766 ἐβούλοντο
795 1679 934 1766 νηποινὶ
956 1676 1134 1764 τεθνάναι,
1151 1677 1192 1746 τά

176 1785 307 1854 τούτων
340 1785 475 1874 σῶματα
511 1790 605 1854 θεῶν
638 1783 831 1879 ὁτῳδήτινι,
868 1785 1012 1874 μάλιστα
1049 1783 1087 1853 δὲ
1122 1799 1193 1864 τοῖς

138 1918 164 1959 ιτ
177 1900 416 1980 καταχθονίοις
445 1893 698 1982 κατονομάζειν·
736 1890 768 1962 δ·
784 1895 840 1962 καλ
871 1892 947 1962 τότε
979 1890 997 1961 ὁ
1024 1889 1194 1978 Ῥωμύλος

141 1997 323 2087 4ἐποίησε.
367 2000 538 2089 τοιγάρτοι
562 2001 735 2087 διέμειναν
762 2002 800 2068 έν
822 2007 962 2080 πολλαῖς
983 2014 1114 2087 γενεαῖς
1137 1996 1193 2068 ού-

178 2106 238 2175 δὲν
267 2109 491 2194 διαφέρουσαι
523 2111 732 2194 συγγενικῶν
760 2101 1035 2194 ἀναγκαιοτήτων
1063 2110 1101 2174 αί
1125 2109 1194 2174 τῶν

178 2215 330 2282 πελατῶν
362 2239 398 2280 τε
428 2214 484 2282 καλ
516 2217 713 2301 προστατῶν
750 2219 903 2300 συζυγίαι
934 2213 1030 2280 παισί
1061 2217 1194 2281 παίδων

179 2320 438 2407 συνιστάμεναι,
459 2321 516 2388 καὶ
539 2320 640 2408 μέγας
663 2324 799 2400 ἔπαινος
820 2311 865 2407 ἦν
885 2333 956 2400 τοῖς
978 2321 1015 2387 ἐκ
1037 2321 1106 2387 τῶν
1129 2319 1196 2386 ἐπι-

140 2456 167 2496 εο
180 2431 302 2515 φανῶν
326 2436 430 2496 οίκων
454 2423 499 2507 ῶς
516 2432 691 2506 πλείστους
712 2425 854 2506 πελάτας
877 2431 966 2513 ἔχειν
983 2425 1044 2506 τάς
1060 2451 1096 2494 τε
1114 2449 1195 2514 προ-

179 2532 317 2620 γονικδις
353 2533 560 2622 φυλάττουσι
593 2533 752 2622 διαδοχάς
789 2536 857 2602 τῶν
888 2536 1106 2621 πατρωνειῶν
1138 2533 1196 2601 καλ

180 2637 238 2707 διά
255 2643 314 2726 τῆς
335 2639 463 2708 ἑαυτῶν
483 2637 601 2728 άρετῆς
623 2638 726 2720 άλλας
744 2641 991 2727 ἐπικτωμένοις,
1010 2637 1030 2708 ὅ
1048 2665 1084 2707 τε
1101 2637 1197 2726 άγῶν

181 2744 294 2834 [ὑπὲρ]
318 2749 378 2833 τῆς
401 2743 535 2825 εὐνοίας
556 2744 640 2834 ὑπὲρ
663 2750 725 2814 τού
742 2744 787 2834 μὴ
806 2749 993 2833 λειφθῆναι
1014 2749 1073 2831 τῆς·
1096 2743 1196 2832 άλλή-

180 2862 251 2922 λων
273 2851 409 2940 χάριτος
431 2857 569 2933 ἔκτοπος
597 2849 712 2940 ἡλίκος
739 2850 942 2939 ἀμφοτέροις
970 2843 1014 2939 ἦν
1040 2855 1109 2920 τῶν
1133 2852 1197 2939 μὲν

141 2989 167 3030 ετ
180 2964 332 3031 πελατῶν
361 2957 491 3028 ἅπαντα
517 2974 588 3040 τοῖς
619 2958 820 3048 προστάταις
852 2956 1039 3040 ἀξιούντων
1067 2956 1113 3039 ῶς
1140 2963 1197 3026 δν-

255 3155 365 3219 llatae
388 3172 442 3210 om.
461 3157 484 3210 Β
503 3155 640 3225 probante
658 3153 799 3210 Meinekio
816 3158 820 3223 Ι
837 3155 973 3226 δημοσίας
991 3153 1046 3208 del
1065 3154 1197 3210 Meineke

182 3235 199 3283 4
218 3228 402 3298 γερηφορίαις
426 3229 589 3296 σοπιιρτιιω
612 3228 665 3293 est·
689 3243 726 3282 ευ
748 3230 885 3295 τελεσφορ
886 3227 961 3288 ime?
1033 3231 1050 3280 6
1073 3221 1197 3296 θεμιτὸν

182 3299 327 3355 eReiske
400 3304 433 3352 12
454 3294 486 3352 έν
505 3297 571 3353 ἔθει
585 3296 736 3368 ΚιεεεΙιο
757 3294 888 3352 ἔνθενΟ
963 3302 995 3351 13
1015 3293 1076 3368 ρωμ
1077 3296 1194 3383 αωιΒλ

182 3370 312 3439 νηποινεὶ
330 3370 376 3424 Ba
449 3373 483 3423 16
502 3370 674 3455 χθονίοιςλ
738 3375 771 3423 21
791 3369 961 3435 πατρωνίων
978 3369 1003 3421 A
1068 3373 1102 3422 23
1121 3362 1225 3441 ὑπὲρ

184 3442 238 3496 del.
253 3441 405 3566 ΚὶοΒφὶλίος,
398 3434 543 3511 ,ύιιδρ”
510 3459 560 3508 της
575 3434 689 3507 εύνοίας
704 3439 758 3494 δελ.
774 3439 864 3495 Cobet
878 3437 942 3494 obs.
958 3457 985 3510 p.
1000 3444 1037 3493 41
1095 3445 1130 3493 24
1150 3433 1225 3494 ἒ

183 3507 277 3574 τόποις
421 3571 423 3576 ,
