2660 3986
612 225 779 274 ..Γ-

191 382 298 453 ούδὸν
322 381 545 469 ἀπεκρίναντο
567 379 652 471 πρὸς
673 378 752 461 τοὺς
774 382 943 469 πρέσβεις,
960 383 1059 468 κοινῇ
1084 379 1121 448 δὲ
1144 384 1215 448 τοῦ

190 495 319 570 ἔθνους
341 488 470 579 ἀγοράν
490 492 526 558 ἐν
549 492 738 578 Φερεντίνῳ
756 487 979 575 ποιησάμενοι
1001 493 1214 575 ψηφίζονται

189 595 234 685 μὴ
276 611 490 686 παραχωρεῖν
526 595 701 683 Ῥωμαίοις
740 599 800 681 τῆς
845 591 949 682 ἀρχῆς
988 596 1045 662 καὶ
1086 591 1211 662 αὐτίκα

190 707 366 791 αίρούνται
397 703 459 772 δύο
492 700 698 791 στρατηγούς
727 698 974 789 αὐτοκράτορας
1004 699 1143 787 εἰρήνης
1173 727 1211 768 τε

162 811 245 880 εκαὶ
277 812 441 898 πολέμου,
463 808 588 896 ’Ἁγκον
621 812 833 876 Πουπλίκιον
865 809 901 876 ἐκ
932 806 1060 888 πόλεως
1090 807 1212 894 Κόρας

149 917 245 986 4καὶ
269 917 446 986 Σπούσιον
475 913 652 984 Οὐεκίλιον
682 917 719 982 ἐκ
747 919 944 982 Λαουϊνίου.
995 912 1053 982 διὰ
1084 913 1213 993 ταύτας

191 1023 252 1110 μέν
283 1021 326 1109 δὴ
353 1020 412 1101 τάς
444 1025 551 1100 αἰτίας
582 1023 727 1107 συνέστη
750 1019 925 1107 Ῥωμαίοις
958 1017 975 1088 ὁ
1003 1018 1088 1108 πρὸς
1121 1019 1271 1100 vobs-¹³13

191 1127 370 1216 ὁμοεθνεῖς
392 1127 552 1214 πόλεμος,
579 1125 712 1215 προύβη
742 1127 779 1195 δὲ
807 1125 886 1217 ἀχρι
906 1130 1107 1206 πενταετοῦς
1128 1127 1212 1216 χρό-

191 1262 257 1304 νου
279 1233 450 1313 πολιτικός
472 1260 522 1314 τις
544 1232 727 1320 γενόμενος
749 1235 806 1302 καὶ
828 1231 995 1322 ἀρχαικός.
1041 1232 1119 1302 ούτε
1140 1232 1211 1320 γὰρ

151 1369 178 1410 ιο
192 1343 228 1410 ἐκ
250 1339 463 1428 παρατάξεως
486 1338 577 1420 ὅλοις
598 1355 670 1420 τοῖς
688 1340 910 1428 στρατεύμασι
931 1339 1015 1427 πρὸς
1038 1339 1101 1409 ὅλα
1124 1359 1213 1426 συμ-

190 1447 355 1534 βάλλουσι
392 1446 518 1535 μεγάλη
560 1445 719 1536 συμφορά
758 1448 815 1516 καὶ
856 1447 990 1534 φθόρος
1026 1445 1213 1536 ὁλοσχερὴς

192 1556 319 1641 συνέβη
353 1552 430 1622 ούτε
461 1553 558 1634 πόλις
596 1551 708 1622 αὐτῶν
741 1551 883 1641 οὐδεμία
917 1555 1050 1644 πολέμῳ
1086 1581 1211 1642 κρατη-

191 1671 293 1730 θεῖσα
324 1663 540 1748 κατασκαφῆς
567 1658 589 1748 ἢ
620 1659 899 1749 ἀνδραποδισμοῦ
928 1655 949 1745 ἢ
982 1658 1085 1746 άλλης
1114 1659 1212 1740 τινὸς

192 1766 379 1855 ἀνηκέστου
406 1771 583 1855 συμφοράς
616 1766 792 1854 ἐπειράθη·
824 1764 897 1834 ἀλλ’
928 1765 1128 1853 ἐμβαλόντες
1160 1771 1212 1847 είς

154 1899 178 1942 1⁵
192 1872 255 1961 την
279 1872 435 1961 ἀλλήλων
458 1876 523 1960 γῆν
546 1871 612 1942 ὑπὸ
631 1871 693 1960 τὴν
716 1871 826 1962 ἀκμὴν
844 1877 906 1941 τοῦ
929 1878 1025 1942 σίτου
1047 1874 1104 1942 καὶ
1126 1899 1211 1962 προ-

193 1981 419 2068 νομεύσαντες
455 1979 586 2068 ἀπῆγον
623 1978 674 2048 ἐπ’
705 1988 802 2049 οίκου
836 1977 896 2060 τάς
937 1979 1099 2067 δυνάμεις
1136 1983 1212 2048 δια-

154 2103 175 2170 5
194 2087 390 2176 μειβόμενοι
412 2085 491 2167 τούς
515 2085 753 2174 αίχμαλιότους.
798 2090 879 2172 μίαν
903 2085 941 2154 δὸ
963 2084 1064 2154 πόλιν
1088 2088 1124 2154 ἐκ
1146 2091 1212 2154 τού

192 2199 352 2262 Λατίνων
376 2198 502 2274 ἔθνους
519 2195 719 2262 Μεδυλλίαν
742 2196 944 2281 παλαίτερον
968 2197 1016 2260 ἐτι
1033 2189 1212 2279 Ῥωμαίων

194 2298 351 2370 ἀποικίαν
378 2301 566 2387 γενομένην
597 2301 650 2368 ἐπὶ
677 2303 736 2386 τῆς
758 2297 932 2385 Ῥωμύλου
955 2297 1074 2389 ἀρχῆς,
1102 2296 1148 2379 ὦς
1171 2301 1213 2368 ἐν

153 2411 238 2500 εοτῷ
267 2406 331 2496 πρὸ
359 2405 484 2498 τούτου
512 2404 685 2493 δεδήλωκα
714 2405 818 2496 λόγω,
846 2407 1078 2493 μεταθεμένην
1107 2397 1214 2486 αὖθις

195 2513 240 2594 ὡς
262 2512 341 2594 τοὺς
370 2511 548 2600 ὁμοεθνεῖς
574 2517 750 2604 πολιορκίᾳ
772 2512 1071 2600 παραστησάμενος
1099 2509 1213 2581 ὁτῶν

189 2619 362 2708 Ῥωμαίων
402 2617 560 2706 βασιλεὺς
601 2624 710 2688 ἔπεισε
751 2620 862 2708 μηθέν
904 2625 952 2688 ἐτι
988 2623 1213 2708 νεωτερίζειν·

193 2725 276 2796 ἀλλο
301 2723 332 2792 δ’
360 2722 466 2794 οὐθὲν
491 2715 544 2806 ,ὧν
573 2728 608 2792 οί
628 2725 768 2813 πόλεμοι
791 2728 935 2816 φέρουσι
963 2729 1087 2794 δεινῶν
1114 2723 1213 2793 ούδε-

193 2835 302 2920 τέροις
331 2834 368 2900 ἐν
396 2834 441 2923 τῷ
466 2829 542 2900 τότε
570 2834 695 2918 συνέβη
724 2832 846 2922 χρόνῳ.
895 2833 1066 2922 τοιγάρτοι
1090 2831 1269 2924 ῥᾴδιαίσεε

153 2969 180 3012 εε
193 2967 229 3010 τε
255 2939 311 3008 καί
343 2935 445 3008 οὐδὲν
475 2942 613 3024 ἔγκοτον
644 2944 781 3027 ἔχουσαι
809 2940 1107 3027 προθυμηθέντων
1130 2935 1212 3007 Ῥω-

195 3051 306 3135 μαίων
330 3049 367 3114 αί
389 3043 559 3124 διαλύσεις
583 3047 857 3132 ἐπετελέσθησαν.

183 3211 186 3216 ’
267 3212 281 3259 1
310 3200 499 3292 ἀπεκρίναντο
526 3206 552 3260 Α
659 3212 675 3259 2
704 3207 842 3288 φερεντίῳ
871 3205 893 3259 0
925 3205 1038 3290 praeter
1060 3205 1083 3258 Β
1178 3211 1211 3259 11

194 3273 243 3333 ὁλ.
256 3295 287 3333 σ.
299 3275 408 3350 ..χ<ε>
418 3273 510 3346 ρήςΒ
589 3283 621 3331 12
641 3270 717 3330 αύτά
737 3276 763 3329 A
835 3281 869 3330 14
894 3271 1063 3361 ἐμβάλουτες
1083 3276 1133 3330 Aa
1163 3271 1212 3364 ἐμ-

195 3345 345 3420 βάλλοντες
367 3349 467 3403 AbBa.
545 3353 578 3402 16
598 3349 676 3402 οίκον
695 3347 743 3402 Aa
819 3351 853 3402 18
872 3342 1025 3417 μεδύλλιαν
1044 3347 1090 3402 Ba
1108 3348 1211 3417 μεδυλ-

194 3424 273 3474 λειαν
292 3419 370 3475 BbR
447 3424 480 3474 23
505 3413 585 3472 άλλοι
606 3413 668 3472 ἀλλ’
688 3420 713 3472 Α
730 3412 778 3487 Ιδ’
799 3435 854 3472 om.
877 3418 930 3472 AB
1003 3423 1037 3472 25
1060 3421 1211 3488 προθυμη-

194 3487 306 3545 θέντων
324 3489 347 3543 Β
365 3491 530 3560 προθυμίαν
548 3489 605 3544 τῶν
623 3490 649 3543 R
