2682 3982
611 197 776 250 -B-

189 361 253 444 ἔφη
276 359 438 444 γενέσθαι
465 359 526 426 τοῦ
551 354 637 438 Διὸς
662 355 719 424 καὶ
746 360 875 442 φοιτῶν
905 360 952 436 είς
973 355 1012 426 τὸ
1038 363 1206 424 Δικταῖον

188 463 283 552 ὄρος,
307 467 344 532 ἐν
368 454 395 556 ᾦ
418 468 588 552 τραφῆναι
607 462 667 532 τὸν
687 469 756 532 Δία
779 467 1036 551 μυθολογοῦσιν
1060 466 1095 532 oi
1111 467 1206 550 Κρή-

188 600 242 654 τες
272 569 338 640 ύτιδ
370 575 439 640 τῶν
468 569 657 659 Κουρήτων
694 569 839 658 νεογνὸν
872 567 969 656 ὄντα,
1005 573 1205 662 κατέβαινεν

189 685 236 762 είς
258 678 297 748 τὸ
322 677 415 768 ίερὸυ
443 677 570 765 ἀντρον
597 676 755 758 καὶτοὺς
782 677 909 766 νόμους
936 679 1005 746 ἐκεῖ
1026 677 1260 758 συντιθεὶςοῖε
1327 719 1328 772 ,

149 813 162 854 5
190 786 358 875 ἐκόμιζεν,
391 781 452 866 οὓς
483 783 647 872 ἀπέφαινε
677 782 768 873 τιαρά
799 788 860 853 τού
888 783 974 864 Διὸς
1004 783 1207 872 λαμβάνειν·

190 891 207 962 ὁ
233 893 271 961 δέ
294 897 492 980 Λυκοῦργος
520 895 568 972 είς
590 889 748 978 Δελφούς
775 889 1024 980 ἀφικνούμενος
1053 889 1207 962 ἀπὸτοῦ

151 998 397 1080 δἈτιόλλωνος
420 1003 484 1085 ἔφη
504 996 726 1066 διδάσκεσθαι
744 995 806 1084 τήν
824 1003 1043 1085 νομοθεσίαν.
1083 996 1121 1066 τὸ
1142 997 1207 1085 μὲν

60 1101 63 1108 ’
191 1099 254 1174 οὖν
278 1105 575 1194 ἀκριβολογεῖσθαι
598 1104 764 1190 περὶτῶν
791 1107 948 1190 μυθικῶν
971 1103 1207 1193 ἱστορημάτων

189 1214 245 1280 καὶ
277 1211 419 1300 μάλιστα
455 1214 523 1278 τῶν
557 1215 604 1290 είς
634 1209 738 1290 θεοὺς
770 1209 1034 1302 ἀναφερομένων
1067 1214 1207 1300 μακρῶν

151 1347 177 1386 ιο
191 1321 303 1406 λόγων
323 1317 487 1406 δεόμενον
507 1315 598 1407 δρῶν
617 1317 715 1403 ἐάσω,
734 1313 755 1384 ἀ
778 1318 818 1387 δέ
832 1343 891 1406 μοι
911 1322 1072 1388 δοκοῦσιν
1090 1316 1207 1404 ἀγαθά

186 1423 343 1514 Ῥωμαῖοι
365 1431 481 1510 λαβεῖν
506 1427 542 1494 έκ
563 1428 622 1512 τῆς
641 1426 773 1495 ἐκείνου
793 1428 855 1493 τοῦ
877 1422 1004 1510 ἀνδρὸς
1026 1422 1140 1514 ἀρχῆς,
1159 1421 1209 1506 ῶς

191 1533 313 1600 ἐκτῶν
337 1534 523 1620 ἐπιχωρίων
543 1536 674 1620 ἔμαθον
698 1535 856 1621 ἱστοριῶν
878 1530 1106 1620 ἀφηγήσομαι,
1123 1556 1207 1620 προ-

191 1636 295 1706 ειτῶν
322 1641 359 1710 ἐν
388 1641 475 1717 οἵαις
502 1637 662 1726 ἐτύγχανε
693 1651 852 1726 ταραχαῖς
877 1637 918 1708 τά
944 1638 1121 1728 πράγματα
1146 1643 1208 1724 τής

190 1743 317 1826 πόλεως
346 1743 443 1831 ὄντα,
475 1746 556 1832 πρὶν
582 1747 719 1814 ,ἐκεῖνον
753 1745 805 1816 έιιλ
831 1742 893 1831 τήν
921 1750 1095 1830 βασιλείαν
1122 1769 1207 1833 ταρ-

150 1877 175 1918 ιε
190 1861 335 1922 ελιθεῖν..

278 1957 380 2028 LXII.
416 1957 512 2028 Μετά
548 1956 611 2046 τήν
638 1955 811 2046 Ῥωμύλου
845 1955 1002 2046 τελευτήν
1038 1956 1059 2046 ή
1097 1957 1206 2046 βουλή

189 2070 257 2135 τῶν
287 2070 413 2136 κοινῶν
445 2066 610 2152 γενομένη
642 2070 742 2150 κυρία
772 2067 829 2132 καί
860 2064 987 2154 χρόνον
1020 2065 1208 2152 ἐνιαύσιον,
1327 2071 1328 2084 ’

191 2171 301 2260 ῶσπερ
334 2177 436 2260 ἔφην,
468 2176 680 2260 κατασχοῦσα
710 2169 773 2259 τήν
810 2175 1012 2241 δυναστείαν
1051 2175 1208 2260 διαφέρε-
1327 2151 1328 2180 ¹

191 2289 273 2348 σθαι
300 2281 356 2348 καὶ
387 2278 574 2361 στασιάζειν
602 2276 685 2366 αύτή
717 2276 801 2365 ιτρδς
829 2277 951 2366 ἑαυτὴν
978 2277 1100 2367 ήρξατο
1129 2281 1207 2366 περὶ

150 2412 177 2451 ιο
190 2391 252 2456 τού
274 2385 431 2466 πλείονός
456 2412 491 2455 τε
517 2386 573 2454 καὶ
602 2394 688 2454 ίσου.
735 2383 818 2456 ὅσον
846 2385 908 2472 μὲν
937 2384 1002 2476 γάρ
1026 2385 1128 2474 αύτής
1151 2389 1207 2474 μέ-
1327 2387 1328 2460 ί

192 2519 251 2581 ρος
275 2490 447 2579 Ἀλβανῶν
475 2484 519 2580 ήν
546 2489 611 2560 ἀπὸ
644 2495 713 2562 τῶν
745 2489 814 2581 ἅμα
835 2490 994 2584 Ῥωμύλφ
1021 2489 1083 2580 τήν
1111 2490 1207 2561 ἀτοι·

190 2605 268 2668 κίαν
293 2598 511 2684 στειλάντων,
538 2597 674 2686 γνῶμηῖ
701 2625 736 2668 τε
759 2596 875 2688 ἀρχεῖν
902 2598 999 2688 ήξίον
1021 2601 1076 2668 καὶ
1099 2603 1207 2687 τιμῶν
1327 2593 1328 2656 Ῑ

191 2703 249 2786 τάς
277 2711 433 2794 μεγίστας
460 2704 646 2792 λαμβάνειν
668 2707 724 2774 καὶ
746 2705 998 2795 θεραπεύεσθαι
1021 2705 1104 2794 πρὸς
1132 2710 1260 2786 τῶνςςτ

153 2811 383 2901 λέτηλύδων·
416 2816 452 2882 ολ
473 2811 504 2880 δ’
530 2810 673 2898 ὕστερον
701 2817 749 2894 είς
775 2812 854 2894 τούς
884 2819 1079 2902 πατρικίους
1108 2841 1206 2883 κατα-

152 2951 179 2994 ιι
192 2923 377 3012 γραφέντες
400 2922 526 2989 ἐκτῶν
550 2923 694 2991 ἐποίκων
718 2917 877 3007 οὐδεμιᾶς
899 2918 1007 3013 ᾤοντο
1032 2923 1106 2988 δεῖν
1129 2919 1206 2990 ἀττε-

192 3027 381 3098 λαύνεσθαι
411 3031 508 3116 τιμῆῖ
540 3026 620 3096 οὐδὲ
647 3041 850 3116 μειονεκτεῖν
878 3031 946 3096 τῶν
975 3028 1115 3113 ἑτέρων,
1145 3026 1206 3115 μά-

192 3145 288 3208 λιστα
317 3133 348 3202 δ’
375 3131 450 3204 ὅσοι
476 3137 537 3204 τού
560 3139 722 3220 Σαβίνων
751 3133 936 3222 ἐτύγχανον
964 3132 1059 3214 ὄντες
1085 3136 1207 3220 γένους

192 3243 248 3310 καί
270 3238 353 3310 κατά
375 3238 433 3322 κάς
456 3240 632 3328 συνθήκας
657 3237 716 3320 τάς
742 3242 925 3326 γενομένας
942 3237 1099 3331 Ῥωμύλῳ
1122 3238 1206 3328 πρὸς

180 3372 182 3378 ¹
264 3398 462 3472 δέξεκόμιζεν
481 3419 504 3458 c.
523 3400 661 3456 Biicheler
740 3405 774 3455 28
793 3401 841 3456 καί
861 3401 916 3458 del.
935 3399 1058 3456 Schenkl
1076 3399 1206 3462 Bursiani

192 3475 329 3530 librorum
346 3491 409 3528 ann.
428 3473 546 3528 breviar.
565 3491 592 3542 p.
611 3479 646 3527 46
