2660 3986
599 217 764 268 ,μ

270 374 355 442 LVI.
392 372 534 460 Σκάφας
569 377 783 460 ποταμηγοὺς
817 374 874 442 καὶ
911 377 1044 461 σχεδίας
1079 373 1189 456 ξύλων
1230 454 1234 458 .

176 477 272 548 αῦων
294 480 350 548 καλ
373 479 559 569 φρυγάνων
583 479 762 566 γεμούσας,
790 485 839 549 ἔτι
866 479 904 550 δὲ
933 485 1054 568 πίσσης
1076 507 1111 549 τε
1133 483 1190 550 καί

177 591 278 656 θείου
304 585 644 675 παρασκευασάμενος
671 585 724 655 ἐπὶ
751 588 901 677 θατέρου
922 591 990 656 τῶν
1013 591 1244 676 ποταμῦν,559
1321 657 1322 662 ,

176 691 256 781 παρ’
278 690 320 762 δν
347 692 448 774 αὐτὸς
474 693 781 781 ἐστρατοπεδεύκει,
810 699 920 764 ἔπειτα
943 694 1093 782 φυλάξας
1114 692 1190 763 ῦνε-
1319 715 1322 822 χ

150 826 243 888 εμον
268 799 386 888 οῦριον
414 801 488 888 περὶ
515 799 578 888 τὴν
607 799 756 888 ἑωθινὴν
784 800 939 890 φυλιαόγα
965 805 1032 889 πῦρ
1063 803 1190 872 ἐνείκαι

176 919 249 988 ταῖς
271 905 368 988 ῦλαις
391 909 541 978 ἐκέλευσε
562 909 619 976 καὶ
642 917 799 996 μεθείναι
816 907 877 990 τάς
900 907 1031 996 σκάφας
1053 905 1190 988 καὶτὰς

177 1017 311 1100 σχεδίας
335 1014 502 1102 φέρεσθαι
528 1013 611 1084 κατὰ
639 1019 734 1103 βοῦν.
783 1017 824 1084 αί
851 1015 889 1084 δδ
911 1017 949 1084 ἐν
973 1013 1075 1106 ὀλίγῳ
1097 1014 1193 1083 πάνυ
1227 1021 1238 1038 ”

176 1119 287 1212 χρόνῳ
316 1123 515 1190 διελθοῦσαι
546 1120 608 1190 τόν
633 1120 756 1208 μεταξὺ
784 1121 895 1209 πόρον
922 1124 1121 1208 ἐμπίπτουσι
1147 1125 1188 1210 τῇ

135 1227 309 1317 2γεφύρςι
335 1228 391 1296 καὶ
420 1225 631 1296 ἀνάπτουσιν
658 1225 764 1315 αὐτὴν
792 1227 1014 1316 πολλαχόθεν.
1059 1231 1127 1296 νῦν
1151 1229 1189 1296 δὲ

136 1351 163 1392 1⁰
178 1337 341 1420 Σαβίνων
368 1331 414 1420 ὡς
441 1332 535 1402 εἶδον
567 1333 666 1421 άφνω
694 1335 822 1422 πολλὴν
854 1334 967 1423 φλόγα
997 1335 1190 1422 φερομένην

176 1440 444 1528 συνδραμόντων
472 1440 525 1509 ἐπὶ
547 1439 611 1528 τὴν
633 1439 801 1528 βοήθειαν
826 1442 882 1510 καλ
905 1441 1014 1509 πάντα
1037 1467 1188 1528 μηχανω-

176 1549 290 1634 μένων
323 1545 386 1616 ὅσα
419 1549 597 1635 σβεστήρια
628 1551 689 1616 τοῦ
721 1544 827 1636 πυρὸς
858 1539 918 1635 ἦν,
945 1539 1026 1630 ἧκεν
1054 1545 1073 1616 ὁ
1105 1555 1188 1635 Ταρ-

175 1653 292 1735 κύνιος
309 1655 386 1742 περὶ
403 1655 464 1722 τὸν
483 1653 615 1744 ὄρθρον
632 1652 725 1741 ἄγων
745 1657 1014 1742 συντεταγμένην
1035 1653 1097 1741 τὴν
1111 1652 1189 1722 Ῥω-

175 1765 286 1848 μαίων
314 1760 462 1848 δύναμιν
488 1761 545 1829 καὶ
571 1760 776 1849 προσβαλὼν
806 1763 940 1852 θατέρῳ
972 1760 1092 1848 χάρακι
1120 1765 1189 1832 νῦν

137 1879 163 1930 ιε
177 1867 239 1954 μὲν
262 1872 428 1936 πλείστων
451 1867 694 1936 ἐκλελοιπότων
716 1865 774 1948 τὰς
797 1866 949 1954 φυλακάς
971 1865 1028 1936 διὰ
1050 1865 1112 1954 τὴν
1135 1869 1190 1936 ἐπὶ

176 1972 217 2042 τὰ
238 1974 401 2062 καιόμενα
420 1971 540 2062 ὁρμήν,
558 1971 683 2059 ὀλίγων
702 1974 743 2040 δέ
762 1999 867 2042 τινων
884 1972 970 2061 πρὸς
987 1971 1094 2060 ἀλκὴν
1111 1999 1190 2064 τρα-

136 2085 157 2150 3
176 2082 351 2168 πομένων,
374 2079 534 2169 ἐγκρατὴς
557 2077 663 2148 αὐτοῦ
685 2084 813 2166 γίνεται
837 2083 915 2168 δίχα
936 2079 1055 2150 πόνου.
1101 2081 1138 2150 ἐν
1161 2071 1189 2172 ᾧ

176 2187 215 2256 δὲ
241 2191 345 2258 ταῦτα
373 2186 549 2275 ἐτράπετο
576 2185 688 2278 χρόνῳ
716 2187 773 2256 καὶ
798 2185 860 2256 τὸν
892 2188 1006 2275 ἕτερον
1028 2189 1096 2254 τῶν
1120 2194 1190 2255 Σα·

176 2298 284 2379 βίνων
317 2292 445 2381 χάρακα
475 2291 536 2361 τὸν
574 2294 726 2362 ἐπέκεινα
756 2297 819 2362 τοῦ
849 2296 1002 2381 ποταμοῦ
1033 2299 1191 2381 κείμενον

137 2421 164 2462 ιο
178 2400 273 2487 ἑτέρα
301 2398 445 2487 δύναμις
462 2397 635 2486 Ῥωμαίων
663 2401 854 2469 ἐπελθοῦσα
884 2403 985 2488 αίρεί,
1012 2397 1035 2488 ἣ
1061 2424 1190 2489 προαπ·

177 2508 313 2574 έσταλτο
350 2505 412 2593 μὲν
451 2503 517 2574 ὑπὸ
559 2509 750 2592 Ταρκυνίου
784 2507 860 2595 περὶ
896 2509 1031 2596 πρῶτον
1067 2505 1190 2592 ῦπυον,

177 2611 372 2697 διεληλύθει
401 2611 439 2680 δὲ
465 2610 526 2680 τὸν
550 2613 586 2682 ἐκ
608 2615 678 2681 τοῖν
708 2616 803 2682 δυεῖν
825 2616 984 2700 ποταμῶν
1007 2613 1068 2681 ἕνα
1089 2611 1244 2700 γευό-εεο

177 2744 282 2806 μενον
310 2721 347 2788 έν
376 2718 521 2804 σκάφαις
546 2718 601 2787 καλ
628 2722 775 2806 σχεδίαις
801 2716 881 2786 καθ’
908 2715 926 2786 δ
955 2719 1056 2806 μέρος
1076 2743 1190 2807 περαι-

178 2825 304 2912 ουμένη
332 2823 498 2912 λήσεσθαι
526 2830 639 2913 ἔμελλε
665 2823 745 2906 τοῦς
767 2829 956 2912 Σαβίνους,
983 2831 1127 2913 πλησίου
1152 2825 1190 2894 δὲ

136 2952 162 2994 ιι
176 2935 235 3018 τῆς
262 2931 375 3019 ἑτέρας
407 2931 556 3019 ἐγεγόνει
583 2935 795 3020 παρεμβολῆς
822 2930 891 3020 ἅμα
919 2935 965 3026 τῷ
995 2931 1190 3000 θεάσασθαι

176 3036 240 3124 τὴν
262 3039 415 3126 γέφυραν
438 3040 636 3127 καιομένην·
663 3042 763 3111 τοῦτο
786 3036 850 3127 γάρ
874 3031 917 3126 ἦν
941 3035 1025 3128 αὐτῇ
1047 3037 1086 3108 τὸ
1110 3038 1191 3107 σύν-

248 3274 264 3323 2
288 3269 373 3324 θείου
397 3287 428 3324 τε
451 3267 501 3323 καλ
522 3270 623 3337 πίσσης
646 3269 669 3326 0
697 3271 809 3340 praeter
831 3269 854 3324 B
935 3277 968 3326 13
991 3265 1070 3339 ῦγων
1093 3288 1191 3325 συντε·

175 3337 319 3410 ταγμὲνην
337 3341 360 3394 Β
379 3357 403 3394 σ.
418 3335 496 3409 άγων
510 3340 536 3394 R
591 3345 623 3396 15
642 3341 691 3396 καί
710 3337 797 3396 διάΒ
853 3347 887 3397 17
905 3339 1034 3398 πόνουΒ
1051 3337 1150 3396 πόνων
1164 3342 1222 3396 R·
1321 3355 1322 3396 ε

176 3417 211 3466 20
230 3413 305 3479 αίρει
323 3412 350 3466 Α
372 3410 428 3468 def.
448 3411 570 3482 Sylburg
647 3419 680 3467 22
705 3414 786 3468 δυεῖν
809 3411 831 3466 Β
854 3413 985 3468 δυοῖνΡι
1058 3417 1095 3469 ’28
1113 3407 1190 3482 γινό·

176 3501 264 3550 μενον
283 3481 306 3533 Β
322 3485 326 3550 Ι
343 3477 420 3536 καθδ
439 3483 465 3536 Α
537 3489 572 3537 24
590 3478 657 3546 τοῦς
675 3485 818 3556 Σαβίνους
838 3482 933 3552 ἔμελλε
952 3484 975 3538 Β
