2660 3986
179 234 244 300 378
605 265 638 276 -
677 239 770 290 r-

178 394 242 482 λὴυ
274 395 312 463 δὲ
344 400 440 463 λείαν
476 397 512 464 ἐκ
547 399 606 484 τῆς
637 392 811 483 Ῥωμαίων
847 394 957 482 χώρας
993 394 1193 475 ἐλαύνοντες
1325 435 1326 470 2

178 500 335 590 ἀπῆλθον
364 500 414 570 ἐπ’
441 509 552 590 οίιιου,
581 501 737 590 φρουράν
767 504 804 571 ἐν
832 506 871 592 τῇ
898 501 1031 591 Φιδήνη
1061 510 1194 570 καταλι-

178 608 298 690 πόντες
329 609 540 698 ἀποχρῶσαν.
590 609 675 697 αὕτη
707 608 772 697 γάρ
804 608 825 697 ἡ
857 608 954 690 πόλις
986 606 1193 697 ὁρμητήριον

178 711 293 796 αὐτοῖς
320 717 458 784 ἔσεσθαι
485 715 664 805 κράτιστον
692 715 800 785 έδόκει
829 719 891 784 τοῦ
918 713 1001 786 κατά
1018 713 1193 802 Ῥωμαίων

138 786 336 916 ἰπολέμον.
385 823 543 910 βασιλεὺς
574 822 612 892 δὲ
648 822 835 910 Ταρκύνιος
867 826 915 904 είς
945 817 1087 890 τοάπιδν
1120 825 1193 900 ἔτος

172 925 357 1016 Ῥωμαίους
387 955 424 997 τε
455 929 650 1017 σύμπαντας
680 935 890 1011 καθοπλίσας
920 929 976 998 καὶ
1004 925 1094 1016 παρά
1124 931 1193 995 τῶν

178 1034 363 1124 συμμάχων
391 1034 493 1117 ὅσους
520 1034 662 1105 ἐδύνατο
689 1041 867 1117 πλείστους
893 1032 1097 1125 παραλαβὼν
1121 1035 1191 1121 ἐξῆ-

102 1193 107 1202 .
177 1169 236 1228 χεν
265 1143 318 1210 ἐπὶ
345 1140 424 1224 τοὺς
449 1146 629 1230 πολεμίους
655 1147 753 1231 ἔαρος
774 1143 979 1231 ἀρχομένου,
1002 1142 1246 1228 πρλνέιιεί-οοα

176 1274 259 1327 νους
281 1249 512 1335 συναχθέντας
540 1250 573 1330 έξ
596 1245 736 1317 ἀπασῶν
758 1252 827 1318 τῶν
854 1250 986 1317 πόλεων
1009 1245 1059 1316 ἐπ’
1086 1244 1191 1316 αὐτόν

138 1369 165 1410 1⁰
178 1349 223 1444 ὦς
244 1351 410 1442 πρότερον
433 1356 560 1424 έλθείν·
587 1355 643 1423 καὶ
667 1353 789 1424 διελάν
811 1359 859 1435 είς
882 1355 945 1424 δόο
965 1358 1085 1443 μοίρας
1106 1351 1191 1423 ἀπα-

177 1479 241 1528 σαν
268 1458 331 1549 τὴν
359 1462 507 1551 δύναμιν
534 1465 592 1549 τῆς
619 1461 682 1550 μὲν
698 1459 884 1550 Ῥωμαϊκῆς
912 1465 1067 1550 στρατιᾶς
1089 1459 1192 1541 αὐτὸς

176 1565 365 1655 ἡγούμενος
387 1569 441 1638 ἐπὶ
462 1566 522 1649 τὰς
544 1567 658 1649 πόλεις
678 1574 748 1639 τῶν
774 1573 959 1658 Τυρρηνῶν
983 1567 1190 1656 ἐστράτευσε,

176 1678 236 1762 τῆς
258 1674 296 1743 δὲ
319 1679 542 1763 συμμαχικῆς,
571 1678 608 1744 ἐν
630 1667 652 1765 ᾗ
675 1675 713 1744 τὸ
741 1683 899 1745 πλεῖστον
927 1676 1027 1766 μέρος
1055 1663 1099 1762 ἦν
1120 1679 1191 1742 τιόυ

177 1786 350 1868 Λατίνων,
380 1779 533 1869 Ἠγέριον
565 1781 626 1852 τὸν
663 1783 785 1851 ἑαυτοῦ
818 1785 964 1869 συγγενῆ
1003 1779 1191 1869 στρατηγὸν

139 1901 165 1942 1⁵
179 1887 356 1970 ἀποδείξας
389 1889 441 1956 ἐπὶ
477 1887 556 1969 τοὺς
591 1891 628 1958 ἐν
663 1888 796 1978 Φιδήνη
828 1893 1008 1977 πολεμίους
1039 1889 1191 1957 έκέλευσε

137 1985 308 2083 4χωρείν.
349 1993 456 2083 ἡμὲν
485 1987 548 2065 οὖν
577 1994 765 2084 συμμαχικὴ
789 1999 934 2083 πλησίον
955 1999 1014 2082 τῆς
1040 1993 1192 2082 Φιδήνης

175 2099 236 2170 τὸν
266 2101 394 2190 χάρακα
426 2099 490 2170 οὐκ
520 2105 557 2172 έν
590 2099 734 2191 ἀσφαλεῖ
766 2108 877 2195 χωρίῳ
907 2103 1035 2190 θεμένη
1064 2099 1121 2169 διὰ
1151 2098 1190 2169 τό
1322 2099 1328 2118 ’

175 2221 413 2295 καταφρονείνι
441 2213 511 2278 τόν
552 2215 722 2297 πολεμίων
764 2208 882 2297 ὀλίγου
922 2206 1015 2288 τινός
1054 2208 1191 2294 ἐδέησεν

176 2319 267 2384 πᾶσα
290 2317 538 2448 διαφθαρῆναι·
563 2319 599 2385 oc
618 2315 683 2404 γὰρ
707 2319 744 2386 έν
767 2321 807 2406 τῇ
826 2316 922 2385 πόλει
941 2315 1087 2404 φρουροὶ
1109 2313 1191 2400 βοη-

137 2422 318 2489 mmmm
301 2423 417 2508 ετέραν
439 2421 567 2532 παρὰ
554 2426 739 2553 1690611166
734 2423 890 2533 κρόφα
898 2420 1190 2531 μεταπεμψάμενοι

175 2509 232 2596 καὶ
242 2509 567 2614 φυλαξαῗῖἒς
488 2529 609 2620 καιρόν
623 2511 837 2616 έπιτηδειον
839 2510 1046 2610 ἐξελθόντες
1073 2529 1190 2613 ἕκτης

176 2632 304 2728 πόλεως
326 2637 386 2704 τόν
408 2662 444 2704 τε
466 2635 596 2730 χάρακα
617 2662 687 2729 των
715 2641 886 2744 πολεμίων
909 2640 1031 2744 ἔλαβον
1055 2635 1088 2716 ἐξ
1112 2632 1190 2719 έφό-

179 2743 242 2808 δου
265 2740 402 2826 φαύλως
421 2725 675 2831 φυλαττόμενον
693 2741 792 2812 καὶ
772 2769 839 2811 των
845 2722 1116 2871 έξεληλυθότων
1135 2740 1189 2808 έπι

136 2843 234 2927 ὅτάς
260 2845 434 2936 προνομάς
460 2847 568 2918 πολὺν
601 2848 800 2936 εἰργάσαντο
831 2847 952 2935 φόνον.
1001 2845 1022 2933 ἡ
1051 2847 1090 2916 δε
1111 2845 1189 2914 Ρω-

137 2967 163 3008 25
177 2959 287 3040 μαίων
310 2946 496 3042 δύναμις
474 2983 515 3044 ης
541 2957 727 3044 Ταρκύνιος
748 2953 861 3042 ἡγεῖτο
883 2981 947 3041 την
971 2953 1188 3024 Οὐιεντανῶν

175 3065 334 3146 κείρουσα
356 3062 411 3130 καὶ
434 3065 640 3150 λεηλατοῦσα
663 3060 776 3151 χάραν
798 3061 854 3129 καὶ
876 3059 1003 3140 πολλὰς
1025 3056 1191 3146 ἀφελείας

246 3287 352 3348 λὲδόιι
334 3311 379 3348 κει
396 3289 545 3363 κράτιστον
564 3290 682 3348 ἔσεσθαι
702 3292 724 3348 Ο
750 3292 903 3363 μετελεεΒ
977 3285 1043 3345 14
1029 3289 1145 3359 ηηέριον
1163 3289 1190 3342 Α

176 3359 279 3418 17τόν
298 3361 410 3434 χάρακα
419 3368 498 3467 post
520 3362 632 3434 θεμένη
653 3363 675 3419 Ο
699 3367 812 3432 praeter
835 3363 985 3450 ΒΙχωρίφ
1004 3361 1069 3416 fort.
1093 3360 1190 3416 delon·

175 3434 306 3489 dumont
368 3434 434 3490 19*
444 3429 504 3490 άπα
486 3436 579 3490 ασαΟ
646 3440 681 3490 23
702 3432 815 3504 έξεληλυ
816 3431 951 3489 θότωνΒ
968 3417 1149 3500 ἐξελθόντων
1163 3433 1190 3486 R

176 3510 250 3560 2421
229 3507 369 3576 παρονομί
350 3527 384 3569 ας
401 3507 427 3559 Α
