<?xml version="1.0" encoding="UTF-8"?>
<!DOCTYPE html PUBLIC "-//W3C//DTD XHTML 1.0 Transitional//EN"
    "http://www.w3.org/TR/xhtml1/DTD/xhtml1-transitional.dtd">
<html xmlns="http://www.w3.org/1999/xhtml" xml:lang="en" lang="en">
 <head>
  <title>
</title>
<meta http-equiv="Content-Type" content="text/html;charset=utf-8" />
  <meta name='ocr-system' content='tesseract 3.04.00' />
  <meta name='ocr-capabilities' content='ocr_page ocr_carea ocr_par ocr_line ocrx_word'/>
</head>
<body>
  <div class='ocr_page' id='page_1' title='image "./dionysihalicarn05diongoog_0222.png"; bbox 0 0 2682 3982; ppageno 0'>
   <div class='ocr_carea' id='block_1_1' title="bbox 573 243 737 296">
    <p class='ocr_par' dir='ltr' id='par_1_1' title="bbox 573 243 737 296">
     <span class='ocr_line' id='line_1_1' title="bbox 573 243 737 296; baseline 0 -14"><span class='ocrx_word' id='word_1_1' title='bbox 573 243 737 296; x_wconf 58' lang='lat' dir='ltr'>..B-</span> 
     </span>
    </p>
   </div>
   <div class='ocr_carea' id='block_1_2' title="bbox 31 397 1211 2729">
    <p class='ocr_par' dir='ltr' id='par_1_2' title="bbox 31 397 1211 2729">
     <span class='ocr_line' id='line_1_2' title="bbox 94 397 1163 492; baseline 0.002 -21"><span class='ocrx_word' id='word_1_2' title='bbox 94 397 213 472; x_wconf 76' lang='grc' dir='ltr'><strong><em>εῖιτὸν</em></strong></span> <span class='ocrx_word' id='word_1_3' title='bbox 236 397 366 488; x_wconf 88' lang='grc' dir='ltr'><strong><em>θυρεὸν</em></strong></span> <span class='ocrx_word' id='word_1_4' title='bbox 390 399 472 469; x_wconf 85' lang='grc' dir='ltr'><strong><em>κατά</em></strong></span> <span class='ocrx_word' id='word_1_5' title='bbox 495 405 554 488; x_wconf 80' lang='grc' dir='ltr'><strong><em>τῆς</em></strong></span> <span class='ocrx_word' id='word_1_6' title='bbox 581 401 685 489; x_wconf 80' lang='grc' dir='ltr'><strong><em>κόρης</em></strong></span> <span class='ocrx_word' id='word_1_7' title='bbox 711 403 765 470; x_wconf 76' lang='grc' dir='ltr'><strong><em>καί</em></strong></span> <span class='ocrx_word' id='word_1_8' title='bbox 791 417 861 482; x_wconf 87' lang='grc' dir='ltr'><strong><em>τοῖς</em></strong></span> <span class='ocrx_word' id='word_1_9' title='bbox 884 401 1000 483; x_wconf 87' lang='grc' dir='ltr'><strong><em>ἀλλοις</em></strong></span> <span class='ocrx_word' id='word_1_10' title='bbox 1022 427 1163 492; x_wconf 89' lang='grc' dir='ltr'><strong><em>παρακε-</em></strong></span> 
     </span>
     <span class='ocr_line' id='line_1_3' title="bbox 147 505 1163 607; baseline 0.006 -33"><span class='ocrx_word' id='word_1_11' title='bbox 147 505 336 598; x_wconf 85' lang='grc' dir='ltr'><strong><em>λεύσασθαι</em></strong></span> <span class='ocrx_word' id='word_1_12' title='bbox 363 506 465 577; x_wconf 85' lang='grc' dir='ltr'><strong><em>ταάτό</em></strong></span> <span class='ocrx_word' id='word_1_13' title='bbox 494 524 614 607; x_wconf 85' lang='grc' dir='ltr'><strong><em>ποιεῖν.</em></strong></span> <span class='ocrx_word' id='word_1_14' title='bbox 662 507 749 578; x_wconf 88' lang='grc' dir='ltr'><strong><em>οῦτω</em></strong></span> <span class='ocrx_word' id='word_1_15' title='bbox 779 505 820 596; x_wconf 81' lang='grc' dir='ltr'><strong><em>δὴ</em></strong></span> <span class='ocrx_word' id='word_1_16' title='bbox 843 513 1057 599; x_wconf 76' lang='grc' dir='ltr'><strong><em>βαλλομένην</em></strong></span> <span class='ocrx_word' id='word_1_17' title='bbox 1080 511 1163 580; x_wconf 87' lang='grc' dir='ltr'><strong><em>πάν-</em></strong></span> 
     </span>
     <span class='ocr_line' id='line_1_4' title="bbox 146 601 1163 703; baseline 0.004 -22"><span class='ocrx_word' id='word_1_18' title='bbox 146 622 252 682; x_wconf 91' lang='grc' dir='ltr'><strong><em>τοθεν</em></strong></span> <span class='ocrx_word' id='word_1_19' title='bbox 273 613 337 702; x_wconf 79' lang='grc' dir='ltr'><strong><em>τὴν</em></strong></span> <span class='ocrx_word' id='word_1_20' title='bbox 364 614 533 702; x_wconf 78' lang='grc' dir='ltr'><em>Τάρπειαν</em></span> <span class='ocrx_word' id='word_1_21' title='bbox 557 601 622 684; x_wconf 87' lang='grc' dir='ltr'><strong><em>ῦπδ</em></strong></span> <span class='ocrx_word' id='word_1_22' title='bbox 644 615 800 703; x_wconf 76' lang='grc' dir='ltr'><strong><em>πλήθους</em></strong></span> <span class='ocrx_word' id='word_1_23' title='bbox 821 642 855 684; x_wconf 89' lang='grc' dir='ltr'><strong><em>τε</em></strong></span> <span class='ocrx_word' id='word_1_24' title='bbox 878 616 934 684; x_wconf 81' lang='grc' dir='ltr'><strong><em>καὶ</em></strong></span> <span class='ocrx_word' id='word_1_25' title='bbox 958 615 1072 702; x_wconf 79' lang='grc' dir='ltr'><em>ἰσχύος</em></span> <span class='ocrx_word' id='word_1_26' title='bbox 1094 623 1163 685; x_wconf 76' lang='grc' dir='ltr'><strong><em>τῶν</em></strong></span> 
     </span>
     <span class='ocr_line' id='line_1_5' title="bbox 147 719 1163 812; baseline 0.003 -23"><span class='ocrx_word' id='word_1_27' title='bbox 147 725 285 808; x_wconf 79' lang='grc' dir='ltr'><strong><em>πληγῶν</em></strong></span> <span class='ocrx_word' id='word_1_28' title='bbox 308 735 422 790; x_wconf 89' lang='grc' dir='ltr'><strong><em>πεσεῖν</em></strong></span> <span class='ocrx_word' id='word_1_29' title='bbox 443 723 499 790; x_wconf 80' lang='grc' dir='ltr'><strong><em>καί</em></strong></span> <span class='ocrx_word' id='word_1_30' title='bbox 520 730 831 810; x_wconf 78' lang='grc' dir='ltr'><strong><em>περισωρευθεῖσαν</em></strong></span> <span class='ocrx_word' id='word_1_31' title='bbox 853 719 918 792; x_wconf 86' lang='grc' dir='ltr'><strong><em>ὑπὸ</em></strong></span> <span class='ocrx_word' id='word_1_32' title='bbox 937 726 1006 791; x_wconf 80' lang='grc' dir='ltr'><strong><em>νῦν</em></strong></span> <span class='ocrx_word' id='word_1_33' title='bbox 1025 727 1163 812; x_wconf 75' lang='grc' dir='ltr'><strong><em>θυρεῶν</em></strong></span> 
     </span>
     <span class='ocr_line' id='line_1_6' title="bbox 147 797 1203 925; baseline 0.003 -29"><span class='ocrx_word' id='word_1_34' title='bbox 147 826 346 898; x_wconf 84' lang='grc' dir='ltr'><strong><em>ἀποθανεῖν.</em></strong></span> <span class='ocrx_word' id='word_1_35' title='bbox 384 833 420 896; x_wconf 91' lang='grc' dir='ltr'><strong><em>οί</em></strong></span> <span class='ocrx_word' id='word_1_36' title='bbox 441 827 478 896; x_wconf 75' lang='grc' dir='ltr'><strong><em>δέ</em></strong></span> <span class='ocrx_word' id='word_1_37' title='bbox 500 831 576 918; x_wconf 82' lang='grc' dir='ltr'><strong><em>περὶ</em></strong></span> <span class='ocrx_word' id='word_1_38' title='bbox 599 827 660 898; x_wconf 88' lang='grc' dir='ltr'><strong><em>τὸν</em></strong></span> <span class='ocrx_word' id='word_1_39' title='bbox 678 829 809 916; x_wconf 77' lang='grc' dir='ltr'><strong><em>Φάβιον</em></strong></span> <span class='ocrx_word' id='word_1_40' title='bbox 833 831 886 899; x_wconf 78' lang='grc' dir='ltr'><strong><em>ἐπὶ</em></strong></span> <span class='ocrx_word' id='word_1_41' title='bbox 908 844 979 910; x_wconf 87' lang='grc' dir='ltr'><strong><em>τοῖς</em></strong></span> <span class='ocrx_word' id='word_1_42' title='bbox 999 836 1163 918; x_wconf 83' lang='grc' dir='ltr'><strong><em>Σαβίνοις</em></strong></span> <span class='ocrx_word' id='word_1_43' title='bbox 1182 797 1203 925; x_wconf 65' lang='grc'><strong><em>2,</em></strong></span> 
     </span>
     <span class='ocr_line' id='line_1_7' title="bbox 147 933 1164 1024; baseline 0.003 -20"><span class='ocrx_word' id='word_1_44' title='bbox 147 939 284 1006; x_wconf 88' lang='grc' dir='ltr'><strong><em>ποιοῦσι</em></strong></span> <span class='ocrx_word' id='word_1_45' title='bbox 307 933 370 1024; x_wconf 85' lang='grc' dir='ltr'><strong><em>τὴν</em></strong></span> <span class='ocrx_word' id='word_1_46' title='bbox 387 939 456 1004; x_wconf 83' lang='grc' dir='ltr'><strong><em>τάν</em></strong></span> <span class='ocrx_word' id='word_1_47' title='bbox 476 933 667 1024; x_wconf 76' lang='grc' dir='ltr'><strong><em>ὁμολογιῶν</em></strong></span> <span class='ocrx_word' id='word_1_48' title='bbox 690 934 835 1024; x_wconf 87' lang='grc' dir='ltr'><strong><em>ἀπάτην·</em></strong></span> <span class='ocrx_word' id='word_1_49' title='bbox 859 939 939 1006; x_wconf 90' lang='grc' dir='ltr'><strong><em>δέον</em></strong></span> <span class='ocrx_word' id='word_1_50' title='bbox 957 935 1021 1024; x_wconf 83' lang='grc' dir='ltr'><strong><em>γάρ</em></strong></span> <span class='ocrx_word' id='word_1_51' title='bbox 1034 936 1164 1018; x_wconf 78' lang='grc' dir='ltr'><strong><em>αὐτοὺς</em></strong></span> 
     </span>
     <span class='ocr_line' id='line_1_8' title="bbox 147 1041 1163 1132; baseline 0.001 -20"><span class='ocrx_word' id='word_1_52' title='bbox 147 1041 209 1112; x_wconf 86' lang='grc' dir='ltr'><strong><em>τὸν</em></strong></span> <span class='ocrx_word' id='word_1_53' title='bbox 232 1042 378 1132; x_wconf 84' lang='grc' dir='ltr'><strong><em>χρυσόν,</em></strong></span> <span class='ocrx_word' id='word_1_54' title='bbox 402 1041 513 1130; x_wconf 81' lang='grc' dir='ltr'><strong><em>ῦσπερ</em></strong></span> <span class='ocrx_word' id='word_1_55' title='bbox 537 1041 558 1131; x_wconf 83' lang='grc' dir='ltr'><em>ἡ</em></span> <span class='ocrx_word' id='word_1_56' title='bbox 587 1042 733 1132; x_wconf 81' lang='grc' dir='ltr'><strong><em>Τάρπεια</em></strong></span> <span class='ocrx_word' id='word_1_57' title='bbox 755 1041 868 1130; x_wconf 81' lang='grc' dir='ltr'><strong><em>ἠξίου,</em></strong></span> <span class='ocrx_word' id='word_1_58' title='bbox 898 1041 980 1112; x_wconf 79' lang='grc' dir='ltr'><strong><em>κατὰ</em></strong></span> <span class='ocrx_word' id='word_1_59' title='bbox 1003 1043 1061 1124; x_wconf 84' lang='grc' dir='ltr'><strong><em>τὰς</em></strong></span> <span class='ocrx_word' id='word_1_60' title='bbox 1085 1041 1163 1132; x_wconf 83' lang='grc' dir='ltr'><strong><em>ὁμο-</em></strong></span> 
     </span>
     <span class='ocr_line' id='line_1_9' title="bbox 148 1147 1163 1243; baseline 0 -25"><span class='ocrx_word' id='word_1_61' title='bbox 148 1157 264 1235; x_wconf 79' lang='grc' dir='ltr'><strong><em>λογίας</em></strong></span> <span class='ocrx_word' id='word_1_62' title='bbox 300 1147 519 1235; x_wconf 79' lang='grc' dir='ltr'><strong><em>ἀποδιδόναι,</em></strong></span> <span class='ocrx_word' id='word_1_63' title='bbox 556 1156 819 1237; x_wconf 76' lang='grc' dir='ltr'><strong><em>χαλεπαίνοντας</em></strong></span> <span class='ocrx_word' id='word_1_64' title='bbox 855 1151 908 1218; x_wconf 80' lang='grc' dir='ltr'><strong><em>έπλ</em></strong></span> <span class='ocrx_word' id='word_1_65' title='bbox 944 1155 990 1243; x_wconf 76' lang='grc' dir='ltr'><strong><em>τῷ</em></strong></span> <span class='ocrx_word' id='word_1_66' title='bbox 1027 1154 1163 1239; x_wconf 81' lang='grc' dir='ltr'><strong><em>μεγέθει</em></strong></span> 
     </span>
     <span class='ocr_line' id='line_1_10' title="bbox 147 1254 1164 1346; baseline 0.001 -21"><span class='ocrx_word' id='word_1_67' title='bbox 147 1261 209 1325; x_wconf 87' lang='grc' dir='ltr'><strong><em>τοῦ</em></strong></span> <span class='ocrx_word' id='word_1_68' title='bbox 241 1261 369 1344; x_wconf 77' lang='grc' dir='ltr'><strong><em>μισθοῦ</em></strong></span> <span class='ocrx_word' id='word_1_69' title='bbox 400 1255 441 1326; x_wconf 84' lang='grc' dir='ltr'><strong><em>τά</em></strong></span> <span class='ocrx_word' id='word_1_70' title='bbox 473 1256 698 1344; x_wconf 78' lang='grc' dir='ltr'><strong><em>σκεπαστήρια</em></strong></span> <span class='ocrx_word' id='word_1_71' title='bbox 729 1255 800 1325; x_wconf 85' lang='grc' dir='ltr'><strong><em>κατ’</em></strong></span> <span class='ocrx_word' id='word_1_72' title='bbox 826 1254 929 1344; x_wconf 79' lang='grc' dir='ltr'><strong><em>αὐτῆς</em></strong></span> <span class='ocrx_word' id='word_1_73' title='bbox 955 1262 1088 1346; x_wconf 81' lang='grc' dir='ltr'><strong><em>βαλεῖν,</em></strong></span> <span class='ocrx_word' id='word_1_74' title='bbox 1119 1255 1164 1338; x_wconf 78' lang='grc' dir='ltr'><strong><em>ὡς</em></strong></span> 
     </span>
     <span class='ocr_line' id='line_1_11' title="bbox 147 1360 1204 1453; baseline -0.001 -21"><span class='ocrx_word' id='word_1_75' title='bbox 147 1367 252 1432; x_wconf 86' lang='grc' dir='ltr'><strong><em>ταῦτα</em></strong></span> <span class='ocrx_word' id='word_1_76' title='bbox 271 1360 326 1432; x_wconf 82' lang='grc' dir='ltr'><strong><em>ὅτε</em></strong></span> <span class='ocrx_word' id='word_1_77' title='bbox 346 1362 507 1451; x_wconf 73' lang='grc' dir='ltr'><strong><em>ὤμνυσαν</em></strong></span> <span class='ocrx_word' id='word_1_78' title='bbox 528 1362 611 1453; x_wconf 77' lang='grc' dir='ltr'><strong><em>αὐτῇ</em></strong></span> <span class='ocrx_word' id='word_1_79' title='bbox 636 1363 759 1432; x_wconf 77' lang='grc' dir='ltr'><strong><em>δώσειν</em></strong></span> <span class='ocrx_word' id='word_1_80' title='bbox 778 1360 1038 1450; x_wconf 83' lang='grc' dir='ltr'><strong><em>ὑπεσχημένους.</em></strong></span> <span class='ocrx_word' id='word_1_81' title='bbox 1076 1370 1162 1434; x_wconf 79' lang='grc' dir='ltr'><strong><em>ἔοικε</em></strong></span> <span class='ocrx_word' id='word_1_82' title='bbox 1171 1389 1204 1431; x_wconf 68' lang='lat' dir='ltr'><strong><em>oo</em></strong></span> 
     </span>
     <span class='ocr_line' id='line_1_12' title="bbox 149 1467 1163 1560; baseline 0.003 -23"><span class='ocrx_word' id='word_1_83' title='bbox 149 1470 186 1538; x_wconf 76' lang='grc' dir='ltr'><strong><em>δέ</em></strong></span> <span class='ocrx_word' id='word_1_84' title='bbox 218 1467 259 1538; x_wconf 86' lang='grc' dir='ltr'><strong><em>τά</em></strong></span> <span class='ocrx_word' id='word_1_85' title='bbox 291 1468 372 1557; x_wconf 83' lang='grc' dir='ltr'><strong><em>μετά</em></strong></span> <span class='ocrx_word' id='word_1_86' title='bbox 404 1475 508 1539; x_wconf 90' lang='grc' dir='ltr'><strong><em>ταῦτα</em></strong></span> <span class='ocrx_word' id='word_1_87' title='bbox 540 1471 707 1559; x_wconf 88' lang='grc' dir='ltr'><strong><em>γενόμενα</em></strong></span> <span class='ocrx_word' id='word_1_88' title='bbox 739 1467 801 1556; x_wconf 83' lang='grc' dir='ltr'><strong><em>τὴν</em></strong></span> <span class='ocrx_word' id='word_1_89' title='bbox 834 1477 1010 1550; x_wconf 89' lang='grc' dir='ltr'><strong><em>Πείσωνος</em></strong></span> <span class='ocrx_word' id='word_1_90' title='bbox 1041 1469 1163 1560; x_wconf 90' lang='grc' dir='ltr'><strong><em>ἀληθε-</em></strong></span> 
     </span>
     <span class='ocr_line' id='line_1_13' title="bbox 148 1567 1202 1664; baseline -0.002 -20"><span class='ocrx_word' id='word_1_91' title='bbox 148 1579 270 1663; x_wconf 86' lang='grc' dir='ltr'><strong><em>στέραν</em></strong></span> <span class='ocrx_word' id='word_1_92' title='bbox 293 1590 403 1644; x_wconf 83' lang='grc' dir='ltr'><strong><em>ποιεῖν</em></strong></span> <span class='ocrx_word' id='word_1_93' title='bbox 424 1575 640 1664; x_wconf 85' lang='grc' dir='ltr'><strong><em>[ἀπόκρισιν].</em></strong></span> <span class='ocrx_word' id='word_1_94' title='bbox 677 1575 790 1664; x_wconf 81' lang='grc' dir='ltr'><strong><em>τάφου</em></strong></span> <span class='ocrx_word' id='word_1_95' title='bbox 807 1601 842 1644; x_wconf 90' lang='grc' dir='ltr'><strong><em>τε</em></strong></span> <span class='ocrx_word' id='word_1_96' title='bbox 861 1575 924 1663; x_wconf 84' lang='grc' dir='ltr'><strong><em>γάρ</em></strong></span> <span class='ocrx_word' id='word_1_97' title='bbox 939 1567 1031 1644; x_wconf 68' lang='grc' dir='ltr'><strong><em>Ιἔνθα</em></strong></span> <span class='ocrx_word' id='word_1_98' title='bbox 1046 1583 1162 1648; x_wconf 82' lang='grc' dir='ltr'><strong><em>ἔπεσεν</em></strong></span> <span class='ocrx_word' id='word_1_99' title='bbox 1181 1578 1202 1642; x_wconf 90' lang='grc'>3</span> 
     </span>
     <span class='ocr_line' id='line_1_14' title="bbox 31 1681 1163 1785; baseline 0.003 -34"><span class='ocrx_word' id='word_1_100' title='bbox 31 1759 38 1785; x_wconf 37' lang='lat' dir='ltr'><em>o</em></span> <span class='ocrx_word' id='word_1_101' title='bbox 148 1681 286 1770; x_wconf 77' lang='grc' dir='ltr'><strong><em>ἠξίωται</em></strong></span> <span class='ocrx_word' id='word_1_102' title='bbox 308 1681 369 1752; x_wconf 87' lang='grc' dir='ltr'><strong><em>τὸν</em></strong></span> <span class='ocrx_word' id='word_1_103' title='bbox 394 1681 575 1772; x_wconf 82' lang='grc' dir='ltr'><strong><em>ίεράτατον</em></strong></span> <span class='ocrx_word' id='word_1_104' title='bbox 603 1687 663 1769; x_wconf 83' lang='grc' dir='ltr'><strong><em>τῆς</em></strong></span> <span class='ocrx_word' id='word_1_105' title='bbox 685 1683 813 1763; x_wconf 89' lang='grc' dir='ltr'><strong><em>πόλεως</em></strong></span> <span class='ocrx_word' id='word_1_106' title='bbox 834 1686 1018 1770; x_wconf 86' lang='grc' dir='ltr'><strong><em>κατέχουσα</em></strong></span> <span class='ocrx_word' id='word_1_107' title='bbox 1041 1685 1163 1774; x_wconf 86' lang='grc' dir='ltr'><strong><em>λόφον,</em></strong></span> 
     </span>
     <span class='ocr_line' id='line_1_15' title="bbox 147 1786 1162 1878; baseline 0.002 -20"><span class='ocrx_word' id='word_1_108' title='bbox 147 1791 203 1858; x_wconf 80' lang='grc' dir='ltr'><strong><em>καὶ</em></strong></span> <span class='ocrx_word' id='word_1_109' title='bbox 227 1787 307 1877; x_wconf 85' lang='grc' dir='ltr'><strong><em>χοὰς</em></strong></span> <span class='ocrx_word' id='word_1_110' title='bbox 330 1786 414 1878; x_wconf 77' lang='grc' dir='ltr'><strong><em>αὐτῇ</em></strong></span> <span class='ocrx_word' id='word_1_111' title='bbox 433 1787 590 1877; x_wconf 88' lang='grc' dir='ltr'><strong><em>Ῥωμαῖοι</em></strong></span> <span class='ocrx_word' id='word_1_112' title='bbox 612 1787 691 1858; x_wconf 87' lang='grc' dir='ltr'><strong><em>καθ’</em></strong></span> <span class='ocrx_word' id='word_1_113' title='bbox 714 1791 855 1858; x_wconf 77' lang='grc' dir='ltr'><strong><em>ἕκαστον</em></strong></span> <span class='ocrx_word' id='word_1_114' title='bbox 878 1787 1035 1858; x_wconf 76' lang='grc' dir='ltr'><strong><em>ἐνιαυτὸν</em></strong></span> <span class='ocrx_word' id='word_1_115' title='bbox 1059 1793 1162 1860; x_wconf 81' lang='grc' dir='ltr'><strong><em>ἐπιτε-</em></strong></span> 
     </span>
     <span class='ocr_line' id='line_1_16' title="bbox 148 1888 1203 1987; baseline -0.003 -22"><span class='ocrx_word' id='word_1_116' title='bbox 148 1901 257 1982; x_wconf 90' lang='grc' dir='ltr'><strong><em>λοῦσι,</em></strong></span> <span class='ocrx_word' id='word_1_117' title='bbox 282 1898 381 1986; x_wconf 89' lang='grc' dir='ltr'><strong><em>(λέγω</em></strong></span> <span class='ocrx_word' id='word_1_118' title='bbox 406 1895 443 1963; x_wconf 78' lang='grc' dir='ltr'><strong><em>δὲ</em></strong></span> <span class='ocrx_word' id='word_1_119' title='bbox 466 1891 488 1963; x_wconf 82' lang='grc' dir='ltr'><strong><em>ἀ</em></strong></span> <span class='ocrx_word' id='word_1_120' title='bbox 511 1901 648 1964; x_wconf 81' lang='grc' dir='ltr'><strong><em>Πείσων</em></strong></span> <span class='ocrx_word' id='word_1_121' title='bbox 671 1896 808 1987; x_wconf 90' lang='grc' dir='ltr'><strong><em>γράφει)</em></strong></span> <span class='ocrx_word' id='word_1_122' title='bbox 833 1888 882 1964; x_wconf 80' lang='grc' dir='ltr'><strong><em>ἀν</em></strong></span> <span class='ocrx_word' id='word_1_123' title='bbox 911 1895 1052 1977; x_wconf 82' lang='grc' dir='ltr'><strong><em>οὐδενὸς</em></strong></span> <span class='ocrx_word' id='word_1_124' title='bbox 1075 1897 1163 1979; x_wconf 86' lang='grc' dir='ltr'><strong><em>είκδς</em></strong></span> <span class='ocrx_word' id='word_1_125' title='bbox 1177 1922 1203 1963; x_wconf 82' lang='lat'><strong><em>15</em></strong></span> 
     </span>
     <span class='ocr_line' id='line_1_17' title="bbox 149 2001 1211 2092; baseline 0 -20"><span class='ocrx_word' id='word_1_126' title='bbox 149 2002 274 2091; x_wconf 83' lang='grc' dir='ltr'><strong><em>αὐτήν,</em></strong></span> <span class='ocrx_word' id='word_1_127' title='bbox 307 2007 339 2070; x_wconf 85' lang='grc' dir='ltr'><strong><em>εἰ</em></strong></span> <span class='ocrx_word' id='word_1_128' title='bbox 368 2004 581 2090; x_wconf 78' lang='grc' dir='ltr'><strong><em>προδιδοῦσα</em></strong></span> <span class='ocrx_word' id='word_1_129' title='bbox 617 2001 680 2090; x_wconf 80' lang='grc' dir='ltr'><strong><em>τὴν</em></strong></span> <span class='ocrx_word' id='word_1_130' title='bbox 712 2006 855 2091; x_wconf 89' lang='grc' dir='ltr'><strong><em>πατρίδα</em></strong></span> <span class='ocrx_word' id='word_1_131' title='bbox 892 2017 962 2083; x_wconf 87' lang='grc' dir='ltr'><strong><em>τοῖς</em></strong></span> <span class='ocrx_word' id='word_1_132' title='bbox 993 2011 1164 2092; x_wconf 87' lang='grc' dir='ltr'><strong><em>πολεμίοις</em></strong></span> <span class='ocrx_word' id='word_1_133' title='bbox 1207 2055 1211 2062; x_wconf 73' lang='grc'>.</span> 
     </span>
     <span class='ocr_line' id='line_1_18' title="bbox 148 2107 1163 2198; baseline -0.002 -19"><span class='ocrx_word' id='word_1_134' title='bbox 148 2110 339 2195; x_wconf 88' lang='grc' dir='ltr'><strong><em>ἀπέθανεν,</em></strong></span> <span class='ocrx_word' id='word_1_135' title='bbox 373 2107 451 2178; x_wconf 78' lang='grc' dir='ltr'><strong><em>οὔτε</em></strong></span> <span class='ocrx_word' id='word_1_136' title='bbox 480 2107 570 2198; x_wconf 81' lang='grc' dir='ltr'><strong><em>παρὰ</em></strong></span> <span class='ocrx_word' id='word_1_137' title='bbox 601 2113 670 2178; x_wconf 79' lang='grc' dir='ltr'><strong><em>τῶν</em></strong></span> <span class='ocrx_word' id='word_1_138' title='bbox 697 2111 941 2196; x_wconf 77' lang='grc' dir='ltr'><strong><em>προδοθέντων</em></strong></span> <span class='ocrx_word' id='word_1_139' title='bbox 970 2107 1047 2178; x_wconf 82' lang='grc' dir='ltr'><strong><em>οῦτε</em></strong></span> <span class='ocrx_word' id='word_1_140' title='bbox 1073 2108 1163 2198; x_wconf 83' lang='grc' dir='ltr'><strong><em>παρὰ</em></strong></span> 
     </span>
     <span class='ocr_line' id='line_1_19' title="bbox 147 2214 1163 2304; baseline -0.002 -18"><span class='ocrx_word' id='word_1_141' title='bbox 147 2222 216 2286; x_wconf 81' lang='grc' dir='ltr'><strong><em>τῶν</em></strong></span> <span class='ocrx_word' id='word_1_142' title='bbox 239 2215 510 2286; x_wconf 82' lang='grc' dir='ltr'><strong><em>ἀποκτεινάντων</em></strong></span> <span class='ocrx_word' id='word_1_143' title='bbox 533 2231 664 2304; x_wconf 87' lang='grc' dir='ltr'><strong><em>τυχεῖν,</em></strong></span> <span class='ocrx_word' id='word_1_144' title='bbox 692 2214 856 2285; x_wconf 79' lang='grc' dir='ltr'><strong><em>ἀλλὰκαὶ</em></strong></span> <span class='ocrx_word' id='word_1_145' title='bbox 884 2225 918 2284; x_wconf 83' lang='grc' dir='ltr'><strong><em>εί</em></strong></span> <span class='ocrx_word' id='word_1_146' title='bbox 940 2243 972 2285; x_wconf 86' lang='grc' dir='ltr'><strong><em>τι</em></strong></span> <span class='ocrx_word' id='word_1_147' title='bbox 1000 2222 1163 2298; x_wconf 79' lang='grc' dir='ltr'><strong><em>λείψανον</em></strong></span> 
     </span>
     <span class='ocr_line' id='line_1_20' title="bbox 93 2316 1162 2412; baseline -0.003 -18"><span class='ocrx_word' id='word_1_148' title='bbox 93 2323 256 2412; x_wconf 73' lang='grc' dir='ltr'><strong><em>322αῦτης</em></strong></span> <span class='ocrx_word' id='word_1_149' title='bbox 282 2316 326 2411; x_wconf 81' lang='grc' dir='ltr'><strong><em>ἦν</em></strong></span> <span class='ocrx_word' id='word_1_150' title='bbox 348 2328 410 2393; x_wconf 86' lang='grc' dir='ltr'><strong><em>τοῦ</em></strong></span> <span class='ocrx_word' id='word_1_151' title='bbox 439 2323 591 2412; x_wconf 78' lang='grc' dir='ltr'><strong><em>σώματος</em></strong></span> <span class='ocrx_word' id='word_1_152' title='bbox 618 2322 814 2410; x_wconf 77' lang='grc' dir='ltr'><strong><em>ἀνασκαφὲν</em></strong></span> <span class='ocrx_word' id='word_1_153' title='bbox 843 2325 903 2404; x_wconf 80' lang='grc' dir='ltr'><strong><em>ἔξω</em></strong></span> <span class='ocrx_word' id='word_1_154' title='bbox 932 2326 1074 2411; x_wconf 78' lang='grc' dir='ltr'><strong><em>ῥιφῆναι</em></strong></span> <span class='ocrx_word' id='word_1_155' title='bbox 1098 2321 1162 2391; x_wconf 86' lang='grc' dir='ltr'><strong><em>σὺν</em></strong></span> 
     </span>
     <span class='ocr_line' id='line_1_21' title="bbox 149 2428 1204 2522; baseline -0.005 -23"><span class='ocrx_word' id='word_1_156' title='bbox 149 2431 259 2522; x_wconf 77' lang='grc' dir='ltr'><strong><em>χρόνῳ</em></strong></span> <span class='ocrx_word' id='word_1_157' title='bbox 287 2430 399 2517; x_wconf 88' lang='grc' dir='ltr'><strong><em>φόβου</em></strong></span> <span class='ocrx_word' id='word_1_158' title='bbox 431 2457 466 2498; x_wconf 86' lang='grc' dir='ltr'><strong><em>τε</em></strong></span> <span class='ocrx_word' id='word_1_159' title='bbox 492 2431 549 2498; x_wconf 80' lang='grc' dir='ltr'><strong><em>καὶ</em></strong></span> <span class='ocrx_word' id='word_1_160' title='bbox 579 2428 769 2517; x_wconf 81' lang='grc' dir='ltr'><strong><em>ἀποτροπῆς</em></strong></span> <span class='ocrx_word' id='word_1_161' title='bbox 799 2431 895 2498; x_wconf 79' lang='grc' dir='ltr'><strong><em>ἕνεκα</em></strong></span> <span class='ocrx_word' id='word_1_162' title='bbox 924 2432 993 2498; x_wconf 79' lang='grc' dir='ltr'><strong><em>τάν</em></strong></span> <span class='ocrx_word' id='word_1_163' title='bbox 1023 2428 1162 2517; x_wconf 89' lang='grc' dir='ltr'><strong><em>μελλόν-</em></strong></span> <span class='ocrx_word' id='word_1_164' title='bbox 1176 2453 1204 2494; x_wconf 83' lang='grc' dir='ltr'><strong><em>εο</em></strong></span> 
     </span>
     <span class='ocr_line' id='line_1_22' title="bbox 148 2521 1162 2625; baseline -0.001 -20"><span class='ocrx_word' id='word_1_165' title='bbox 148 2565 216 2606; x_wconf 91' lang='grc' dir='ltr'><strong><em>των</em></strong></span> <span class='ocrx_word' id='word_1_166' title='bbox 239 2521 282 2605; x_wconf 83' lang='grc' dir='ltr'><strong><em>τά</em></strong></span> <span class='ocrx_word' id='word_1_167' title='bbox 303 2534 404 2623; x_wconf 81' lang='grc' dir='ltr'><strong><em>ὅμοια</em></strong></span> <span class='ocrx_word' id='word_1_168' title='bbox 429 2540 525 2624; x_wconf 82' lang='grc' dir='ltr'><strong><em>δρῦν.</em></strong></span> <span class='ocrx_word' id='word_1_169' title='bbox 572 2534 644 2604; x_wconf 85' lang='grc' dir='ltr'><strong><em>ἀλλ’</em></strong></span> <span class='ocrx_word' id='word_1_170' title='bbox 670 2534 754 2624; x_wconf 72' lang='grc' dir='ltr'><strong><em>ὑπὲρ</em></strong></span> <span class='ocrx_word' id='word_1_171' title='bbox 783 2535 845 2623; x_wconf 76' lang='grc' dir='ltr'><strong><em>μέν</em></strong></span> <span class='ocrx_word' id='word_1_172' title='bbox 868 2535 998 2604; x_wconf 83' lang='grc' dir='ltr'><strong><em>τούτων</em></strong></span> <span class='ocrx_word' id='word_1_173' title='bbox 1021 2539 1162 2625; x_wconf 91' lang='grc' dir='ltr'><strong><em>κρινέτω</em></strong></span> 
     </span>
     <span class='ocr_line' id='line_1_23' title="bbox 147 2640 452 2729; baseline -0.003 -17"><span class='ocrx_word' id='word_1_174' title='bbox 147 2671 197 2723; x_wconf 87' lang='grc' dir='ltr'><strong><em>τις</em></strong></span> <span class='ocrx_word' id='word_1_175' title='bbox 220 2640 265 2722; x_wconf 81' lang='grc' dir='ltr'><strong><em>ἀς</em></strong></span> <span class='ocrx_word' id='word_1_176' title='bbox 286 2643 452 2729; x_wconf 87' lang='grc' dir='ltr'><strong><em>βούλεται.</em></strong></span> 
     </span>
    </p>
   </div>
   <div class='ocr_carea' id='block_1_3' title="bbox 146 2748 1163 2950">
    <p class='ocr_par' dir='ltr' id='par_1_3' title="bbox 146 2748 1163 2950">
     <span class='ocr_line' id='line_1_24' title="bbox 157 2748 1163 2840; baseline 0.002 -24"><span class='ocrx_word' id='word_1_177' title='bbox 157 2801 160 2808; x_wconf 52' lang='grc'><strong><em>,</em></strong></span> <span class='ocrx_word' id='word_1_178' title='bbox 237 2751 385 2818; x_wconf 87' lang='lat' dir='ltr'>XXXXI.</span> <span class='ocrx_word' id='word_1_179' title='bbox 415 2748 451 2817; x_wconf 88' lang='lat'><strong><em>‘0</em></strong></span> <span class='ocrx_word' id='word_1_180' title='bbox 475 2750 514 2819; x_wconf 71' lang='grc' dir='ltr'><strong><em>δὲ</em></strong></span> <span class='ocrx_word' id='word_1_181' title='bbox 540 2750 660 2830; x_wconf 82' lang='grc' dir='ltr'><strong><em>Τάτιος</em></strong></span> <span class='ocrx_word' id='word_1_182' title='bbox 685 2751 742 2818; x_wconf 79' lang='grc' dir='ltr'><strong><em>καὶ</em></strong></span> <span class='ocrx_word' id='word_1_183' title='bbox 766 2754 801 2818; x_wconf 84' lang='grc' dir='ltr'><strong><em>οί</em></strong></span> <span class='ocrx_word' id='word_1_184' title='bbox 822 2756 968 2837; x_wconf 83' lang='grc' dir='ltr'><strong><em>Σαβῖνοι</em></strong></span> <span class='ocrx_word' id='word_1_185' title='bbox 992 2755 1163 2840; x_wconf 85' lang='grc' dir='ltr'><strong><em>φρουρίου</em></strong></span> 
     </span>
     <span class='ocr_line' id='line_1_25' title="bbox 146 2854 1162 2950; baseline 0 -26"><span class='ocrx_word' id='word_1_186' title='bbox 146 2856 339 2950; x_wconf 71' lang='grc' dir='ltr'><strong><em>γενόμενοιι</em></strong></span> <span class='ocrx_word' id='word_1_187' title='bbox 356 2861 520 2946; x_wconf 82' lang='grc' dir='ltr'><strong><em>καρτεροῦ</em></strong></span> <span class='ocrx_word' id='word_1_188' title='bbox 551 2856 663 2944; x_wconf 82' lang='grc' dir='ltr'><strong><em>κύριοι</em></strong></span> <span class='ocrx_word' id='word_1_189' title='bbox 690 2857 746 2924; x_wconf 82' lang='grc' dir='ltr'><strong><em>καί</em></strong></span> <span class='ocrx_word' id='word_1_190' title='bbox 773 2856 813 2926; x_wconf 84' lang='grc' dir='ltr'><strong><em>τά</em></strong></span> <span class='ocrx_word' id='word_1_191' title='bbox 839 2865 977 2925; x_wconf 90' lang='grc' dir='ltr'><strong><em>πλεῖστα</em></strong></span> <span class='ocrx_word' id='word_1_192' title='bbox 1003 2861 1062 2944; x_wconf 79' lang='grc' dir='ltr'><strong><em>τῆς</em></strong></span> <span class='ocrx_word' id='word_1_193' title='bbox 1084 2854 1162 2924; x_wconf 89' lang='grc' dir='ltr'><strong><em>Ῥω-</em></strong></span> 
     </span>
    </p>
   </div>
   <div class='ocr_carea' id='block_1_4' title="bbox 145 3001 1163 3586">
    <p class='ocr_par' dir='ltr' id='par_1_4' title="bbox 145 3001 1163 3586">
     <span class='ocr_line' id='line_1_26' title="bbox 219 3001 1159 3088; baseline -0.001 -16"><span class='ocrx_word' id='word_1_194' title='bbox 219 3018 338 3072; x_wconf 77' lang='grc' dir='ltr'><strong><em>2τοῦτο</em></strong></span> <span class='ocrx_word' id='word_1_195' title='bbox 357 3015 379 3072; x_wconf 94' lang='grc' dir='ltr'>Ο</span> <span class='ocrx_word' id='word_1_196' title='bbox 400 3035 468 3072; x_wconf 81' lang='lat' dir='ltr'><strong>oorr.</strong></span> <span class='ocrx_word' id='word_1_197' title='bbox 489 3015 611 3088; x_wconf 80' lang='lat' dir='ltr'>Sylburg</span> <span class='ocrx_word' id='word_1_198' title='bbox 674 3014 759 3072; x_wconf 72' lang='grc' dir='ltr'><strong><em>ῖτὸν</em></strong></span> <span class='ocrx_word' id='word_1_199' title='bbox 779 3034 833 3072; x_wconf 88' lang='lat' dir='ltr'><strong><em>om.</em></strong></span> <span class='ocrx_word' id='word_1_200' title='bbox 853 3019 878 3072; x_wconf 83' lang='grc' dir='ltr'><strong>Α</strong></span> <span class='ocrx_word' id='word_1_201' title='bbox 897 3001 989 3071; x_wconf 56' lang='grc' dir='ltr'><strong><em>τόνΒ</em></strong></span> <span class='ocrx_word' id='word_1_202' title='bbox 1057 3013 1159 3088; x_wconf 77' lang='grc' dir='ltr'><strong><em>θβάλ-</em></strong></span> 
     </span>
     <span class='ocr_line' id='line_1_27' title="bbox 147 3083 1161 3155; baseline 0.001 -12"><span class='ocrx_word' id='word_1_203' title='bbox 147 3089 249 3144; x_wconf 83' lang='grc' dir='ltr'><strong><em>λεινΟ</em></strong></span> <span class='ocrx_word' id='word_1_204' title='bbox 277 3105 346 3154; x_wconf 77' lang='lat' dir='ltr'><strong>corr.</strong></span> <span class='ocrx_word' id='word_1_205' title='bbox 370 3088 474 3143; x_wconf 82' lang='lat' dir='ltr'><strong>Reiske</strong></span> <span class='ocrx_word' id='word_1_206' title='bbox 565 3095 598 3142; x_wconf 80' lang='lat'><strong><em>12</em></strong></span> <span class='ocrx_word' id='word_1_207' title='bbox 624 3083 799 3155; x_wconf 79' lang='grc' dir='ltr'><strong><em>*ἀπόκρισιν</em></strong></span> <span class='ocrx_word' id='word_1_208' title='bbox 827 3088 850 3144; x_wconf 92' lang='lat'>0</span> <span class='ocrx_word' id='word_1_209' title='bbox 879 3087 982 3143; x_wconf 80' lang='lat' dir='ltr'>Reiske</span> <span class='ocrx_word' id='word_1_210' title='bbox 1009 3085 1039 3140; x_wconf 91' lang='lat' dir='ltr'><strong><em>in</em></strong></span> <span class='ocrx_word' id='word_1_211' title='bbox 1067 3085 1161 3144; x_wconf 82' lang='lat' dir='ltr'><strong>indico</strong></span> 
     </span>
     <span class='ocr_line' id='line_1_28' title="bbox 146 3154 1163 3230; baseline -0.001 -16"><span class='ocrx_word' id='word_1_212' title='bbox 146 3163 215 3214; x_wconf 81' lang='lat' dir='ltr'><strong>tom.</strong></span> <span class='ocrx_word' id='word_1_213' title='bbox 235 3159 274 3214; x_wconf 90' lang='lat' dir='ltr'><strong><em>Vl</em></strong></span> <span class='ocrx_word' id='word_1_214' title='bbox 294 3175 315 3214; x_wconf 80' lang='grc' dir='ltr'><strong><em>ε.</em></strong></span> <span class='ocrx_word' id='word_1_215' title='bbox 331 3178 357 3215; x_wconf 83' lang='lat' dir='ltr'><strong><em>v.</em></strong></span> <span class='ocrx_word' id='word_1_216' title='bbox 376 3155 525 3228; x_wconf 83' lang='grc' dir='ltr'><strong><em>ἀπόκρισις</em></strong></span> <span class='ocrx_word' id='word_1_217' title='bbox 544 3159 608 3214; x_wconf 73' lang='grc' dir='ltr'><strong><em>αδδ.</em></strong></span> <span class='ocrx_word' id='word_1_218' title='bbox 627 3177 679 3230; x_wconf 90' lang='lat' dir='ltr'><strong><em>pro</em></strong></span> <span class='ocrx_word' id='word_1_219' title='bbox 697 3155 875 3228; x_wconf 81' lang='grc' dir='ltr'><strong><em>ἀπόφανσιςς</em></strong></span> <span class='ocrx_word' id='word_1_220' title='bbox 895 3154 1043 3226; x_wconf 86' lang='grc' dir='ltr'><strong><em>ἀπόφασις</em></strong></span> <span class='ocrx_word' id='word_1_221' title='bbox 1061 3159 1163 3228; x_wconf 70' lang='lat' dir='ltr'><strong>postea</strong></span> 
     </span>
     <span class='ocr_line' id='line_1_29' title="bbox 145 3224 1161 3300; baseline -0.001 -16"><span class='ocrx_word' id='word_1_222' title='bbox 145 3231 177 3288; x_wconf 86' lang='lat' dir='ltr'><strong><em>L.</em></strong></span> <span class='ocrx_word' id='word_1_223' title='bbox 198 3231 318 3286; x_wconf 83' lang='lat' dir='ltr'><strong>Dindorf</strong></span> <span class='ocrx_word' id='word_1_224' title='bbox 334 3229 430 3300; x_wconf 82' lang='lat' dir='ltr'><strong>Steph.</strong></span> <span class='ocrx_word' id='word_1_225' title='bbox 450 3249 471 3286; x_wconf 83' lang='grc' dir='ltr'><strong><em>ε.</em></strong></span> <span class='ocrx_word' id='word_1_226' title='bbox 486 3249 512 3284; x_wconf 88' lang='lat' dir='ltr'><strong><em>v.</em></strong></span> <span class='ocrx_word' id='word_1_227' title='bbox 532 3224 688 3298; x_wconf 78' lang='grc' dir='ltr'><strong><em>ἀπόκρισις,</em></strong></span> <span class='ocrx_word' id='word_1_228' title='bbox 708 3229 830 3286; x_wconf 75' lang='grc' dir='ltr'><strong><em>θίολεοίε</em></strong></span> <span class='ocrx_word' id='word_1_229' title='bbox 842 3230 904 3285; x_wconf 83' lang='lat' dir='ltr'><strong><em>Em.</em></strong></span> <span class='ocrx_word' id='word_1_230' title='bbox 918 3229 1000 3283; x_wconf 87' lang='lat' dir='ltr'><strong>Dion.</strong></span> <span class='ocrx_word' id='word_1_231' title='bbox 1016 3229 1056 3282; x_wconf 87' lang='grc' dir='ltr'><strong><em>ΙΙΙ</em></strong></span> <span class='ocrx_word' id='word_1_232' title='bbox 1072 3247 1100 3298; x_wconf 90' lang='lat' dir='ltr'><strong><em>p.</em></strong></span> <span class='ocrx_word' id='word_1_233' title='bbox 1119 3235 1161 3299; x_wconf 87' lang='grc'><strong><em>17,</em></strong></span> 
     </span>
     <span class='ocr_line' id='line_1_30' title="bbox 148 3295 1161 3372; baseline -0.002 -16"><span class='ocrx_word' id='word_1_234' title='bbox 148 3301 238 3356; x_wconf 74' lang='lat' dir='ltr'><strong>Cobet</strong></span> <span class='ocrx_word' id='word_1_235' title='bbox 256 3301 321 3357; x_wconf 82' lang='lat' dir='ltr'><strong>Obs.</strong></span> <span class='ocrx_word' id='word_1_236' title='bbox 340 3320 367 3372; x_wconf 90' lang='lat' dir='ltr'><strong><em>p.</em></strong></span> <span class='ocrx_word' id='word_1_237' title='bbox 388 3308 422 3357; x_wconf 86' lang='lat'><strong><em>48</em></strong></span> <span class='ocrx_word' id='word_1_238' title='bbox 441 3300 569 3356; x_wconf 72' lang='lat' dir='ltr'><strong>Horoloin</strong></span> <span class='ocrx_word' id='word_1_239' title='bbox 589 3301 705 3357; x_wconf 82' lang='lat' dir='ltr'>Hermes</span> <span class='ocrx_word' id='word_1_240' title='bbox 724 3301 749 3354; x_wconf 88' lang='lat' dir='ltr'>X</span> <span class='ocrx_word' id='word_1_241' title='bbox 771 3319 799 3371; x_wconf 87' lang='lat' dir='ltr'><strong><em>p.</em></strong></span> <span class='ocrx_word' id='word_1_242' title='bbox 819 3307 884 3368; x_wconf 75' lang='lat'><strong>41⁰3</strong></span> <span class='ocrx_word' id='word_1_243' title='bbox 908 3315 954 3354; x_wconf 89' lang='lat' dir='ltr'><strong><em>mo</em></strong></span> <span class='ocrx_word' id='word_1_244' title='bbox 977 3299 1069 3354; x_wconf 76' lang='lat' dir='ltr'><strong>iudico</strong></span> <span class='ocrx_word' id='word_1_245' title='bbox 1089 3295 1161 3354; x_wconf 86' lang='grc' dir='ltr'><strong><em>ἀπό-</em></strong></span> 
     </span>
     <span class='ocr_line' id='line_1_31' title="bbox 147 3370 1162 3443; baseline -0.002 -15"><span class='ocrx_word' id='word_1_246' title='bbox 147 3392 239 3443; x_wconf 83' lang='grc' dir='ltr'><strong><em>κρισιν</em></strong></span> <span class='ocrx_word' id='word_1_247' title='bbox 258 3373 410 3428; x_wconf 82' lang='lat' dir='ltr'>delendum</span> <span class='ocrx_word' id='word_1_248' title='bbox 429 3375 481 3441; x_wconf 78' lang='lat' dir='ltr'><strong><em>est,</em></strong></span> <span class='ocrx_word' id='word_1_249' title='bbox 495 3371 663 3442; x_wconf 77' lang='lat' dir='ltr'><strong>praesertim</strong></span> <span class='ocrx_word' id='word_1_250' title='bbox 683 3390 746 3428; x_wconf 86' lang='lat' dir='ltr'><strong><em>oum</em></strong></span> <span class='ocrx_word' id='word_1_251' title='bbox 765 3372 915 3427; x_wconf 79' lang='lat' dir='ltr'><strong>collocatio</strong></span> <span class='ocrx_word' id='word_1_252' title='bbox 928 3370 1006 3426; x_wconf 78' lang='lat' dir='ltr'><strong>vocis</strong></span> <span class='ocrx_word' id='word_1_253' title='bbox 1024 3370 1091 3425; x_wconf 83' lang='lat' dir='ltr'>ferri</span> <span class='ocrx_word' id='word_1_254' title='bbox 1104 3388 1162 3426; x_wconf 87' lang='lat' dir='ltr'><strong><em>non</em></strong></span> 
     </span>
     <span class='ocr_line' id='line_1_32' title="bbox 147 3440 1162 3516; baseline -0.005 -14"><span class='ocrx_word' id='word_1_255' title='bbox 147 3444 237 3516; x_wconf 74' lang='lat' dir='ltr'><strong>possit</strong></span> <span class='ocrx_word' id='word_1_256' title='bbox 308 3450 343 3500; x_wconf 77' lang='lat'><strong><em>20</em></strong></span> <span class='ocrx_word' id='word_1_257' title='bbox 362 3445 523 3513; x_wconf 82' lang='grc' dir='ltr'><strong><em>προτροπῆς</em></strong></span> <span class='ocrx_word' id='word_1_258' title='bbox 543 3443 565 3498; x_wconf 91' lang='lat'>0</span> <span class='ocrx_word' id='word_1_259' title='bbox 586 3461 654 3498; x_wconf 84' lang='lat' dir='ltr'><strong>corr.</strong></span> <span class='ocrx_word' id='word_1_260' title='bbox 671 3443 831 3514; x_wconf 69' lang='lat' dir='ltr'><strong>Stephanus</strong></span> <span class='ocrx_word' id='word_1_261' title='bbox 903 3448 937 3496; x_wconf 81' lang='lat'><strong><em>22</em></strong></span> <span class='ocrx_word' id='word_1_262' title='bbox 956 3440 1075 3510; x_wconf 83' lang='grc' dir='ltr'><strong><em>κρινέτω</em></strong></span> <span class='ocrx_word' id='word_1_263' title='bbox 1096 3441 1162 3497; x_wconf 74' lang='grc' dir='ltr'><strong><em>ἕνα·</em></strong></span> 
     </span>
     <span class='ocr_line' id='line_1_33' title="bbox 147 3509 1071 3586; baseline -0.006 -15"><span class='ocrx_word' id='word_1_264' title='bbox 147 3536 211 3578; x_wconf 80' lang='grc' dir='ltr'><strong><em>στος</em></strong></span> <span class='ocrx_word' id='word_1_265' title='bbox 230 3509 267 3578; x_wconf 82' lang='grc' dir='ltr'><strong><em>ἀς</em></strong></span> <span class='ocrx_word' id='word_1_266' title='bbox 285 3532 309 3570; x_wconf 88' lang='grc' dir='ltr'><strong><em>ο.</em></strong></span> <span class='ocrx_word' id='word_1_267' title='bbox 329 3514 502 3586; x_wconf 78' lang='lat' dir='ltr'>Grasberger</span> <span class='ocrx_word' id='word_1_268' title='bbox 520 3513 595 3570; x_wconf 83' lang='grc' dir='ltr'><strong><em>Τεεε.</em></strong></span> <span class='ocrx_word' id='word_1_269' title='bbox 614 3515 729 3584; x_wconf 85' lang='lat' dir='ltr'>Herbip.</span> <span class='ocrx_word' id='word_1_270' title='bbox 748 3533 776 3585; x_wconf 86' lang='lat' dir='ltr'><strong><em>p.</em></strong></span> <span class='ocrx_word' id='word_1_271' title='bbox 798 3521 830 3569; x_wconf 81' lang='lat'><strong><em>13</em></strong></span> <span class='ocrx_word' id='word_1_272' title='bbox 903 3519 937 3568; x_wconf 78' lang='lat'><strong><em>23</em></strong></span> <span class='ocrx_word' id='word_1_273' title='bbox 956 3519 1030 3575; x_wconf 82' lang='grc' dir='ltr'><strong><em>τῖιος</em></strong></span> <span class='ocrx_word' id='word_1_274' title='bbox 1049 3513 1071 3566; x_wconf 95' lang='grc' dir='ltr'><strong>Β</strong></span> 
     </span>
    </p>
   </div>
   <div class='ocr_carea' id='block_1_5' title="bbox 941 3599 1002 3656">
    <p class='ocr_par' dir='ltr' id='par_1_5' title="bbox 941 3599 1002 3656">
     <span class='ocr_line' id='line_1_34' title="bbox 941 3599 1002 3656; baseline -0.016 0"><span class='ocrx_word' id='word_1_275' title='bbox 941 3599 1002 3656; x_wconf 85' lang='lat'><strong><em>14*</em></strong></span> 
     </span>
    </p>
   </div>
   <div class='ocr_carea' id='block_1_6' title="bbox 0 0 1351 3982">
    <p class='ocr_par' dir='ltr' id='par_1_6' title="bbox 0 0 1351 3982">
     <span class='ocr_line' id='line_1_35' title="bbox 0 0 1351 3982; baseline 0 0"><span class='ocrx_word' id='word_1_276' title='bbox 0 0 1351 3982; x_wconf 95' lang='lat' dir='ltr'><strong><em> </em></strong></span> 
     </span>
    </p>
   </div>
  </div>
 </body>
</html>
