2682 3982
556 217 721 272 ..Β-

129 377 216 468 πρδς
236 375 297 447 τὸν
321 376 437 466 ἀγῶνα
460 369 504 466 ἦν
528 378 710 466 ἑκατέροις,
734 381 831 465 ἔαρος
853 375 1046 466 ἀρχομένου
1069 377 1145 466 μέλ-

130 493 247 566 λοντες
284 484 415 572 ἐξάγειν
448 487 484 554 οί
517 489 663 572 Σαβῖνοι
699 481 757 564 τάς
793 482 956 572 δυνάμεις
993 489 1145 572 ἔγνωσαν

131 591 324 662 ἀποστεῖλαι
346 595 528 680 πρεσβείαν
553 593 687 680 πρῶτον
713 587 760 670 ὥς
784 588 863 671 τοὺς
884 595 1066 680 πολεμίους
1088 590 1147 672 τάς

130 725 167 768 τε
197 712 360 786 γυναῖκας
391 695 604 780 ἀξιώσουσαν
637 693 822 784 ἀπολαβεῖν
852 698 908 766 καὶ
939 700 1034 778 δίκας
1062 694 1146 786 ὑπὲρ

132 802 245 874 αὐτόν
269 803 476 892 αἰτήσουσαν
499 807 558 892 τῆς
580 801 746 894 ἁρπαγῆς,
774 805 832 873 ἵνα
856 801 898 892 δὴ
923 801 969 872 δι’
994 801 1146 892 ἀνάγκην
1174 832 1187 875 ι

133 913 281 980 δοκῶσιν
313 909 534 1000 ἀνειληφέναι
571 907 632 982 τόν
669 909 817 998 πόλεμον
853 908 894 979 οὐ
925 909 1148 999 τυγχάνοντες

132 1021 201 1087 τόν
230 1021 386 1104 δικαίων,
413 1019 470 1087 καὶ
496 1016 575 1099 τούς
602 1016 749 1106 κήρυκας
779 1021 926 1105 ἔπεμπον
954 1017 1008 1086 ἐπὶ
1035 1021 1148 1086 ταῦτα.

128 1122 302 1211 Ῥωμύλου
340 1124 378 1194 δὲ
414 1122 592 1207 ἀξιοῦντος
626 1121 684 1204 τὰς
720 1123 783 1212 μὲν
819 1135 998 1210 γυναῖκας,
1034 1121 1185 1212 ἐπειδη4

135 1228 210 1300 οὐδ’
231 1230 347 1312 αὐταῖς
365 1229 525 1314 ἀκούσαις
544 1229 562 1301 ὁ
582 1229 748 1319 μετὰτῶν
768 1227 907 1320 ἀνδρῶν
925 1236 1000 1318 βίος
1019 1221 1074 1318 ἦν,
1089 1231 1148 1300 έάν

112 1427 117 1436 Ι
133 1335 224 1426 παρὰ
246 1351 317 1419 τοῖς
339 1337 544 1426 γεγαμηκόσι
562 1338 689 1424 μένειν,
708 1340 739 1405 εί
757 1337 797 1405 δέ
812 1363 905 1417 τινος
923 1334 1029 1406 ἄλλον
1053 1337 1148 1405 δέον·
1163 1368 1189 1408 ιο

134 1471 188 1513 ται
208 1445 394 1534 λαμβάνειν
415 1442 459 1526 ὡς
476 1442 567 1532 παρά
590 1449 711 1531 φίλων,
730 1443 879 1531 πολέμου
898 1443 936 1513 δδ
954 1441 999 1532 μὴ
1022 1441 1150 1532 ἄρχειν,

81 1548 259 1624 ειεοάδενὶ
294 1555 362 1620 τῶν
399 1547 611 1639 ἀξιουμένων
651 1547 902 1631 ὑπακούσαντες
938 1552 1057 1638 ἐξῆγον
1089 1547 1150 1637 τὴν

136 1655 297 1745 στρατιὰν
320 1655 438 1740 πεζοὺς
458 1656 520 1744 μὲν
541 1655 680 1745 ἀγοντες
700 1660 988 1744 πεντακισχιλίους
1011 1656 1063 1724 έπλ
1087 1655 1151 1725 δύο

136 1763 317 1854 μυριάσιν,
350 1767 459 1844 ίππείς
488 1763 525 1832 δὲ
554 1761 672 1850 ὀλίγου
700 1764 839 1842 δέοντας
868 1766 995 1850 χιλίων.
1040 1753 1084 1848 ἦν
1114 1761 1186 1832 δδὸ

137 1872 191 1940 καὶ
212 1867 277 1958 <ίη>
295 1873 364 1939 τόν
380 1867 554 1958 Ῥωμαίων
579 1868 724 1957 δύναμις
748 1865 790 1937 οά
806 1865 894 1937 πολὺ
917 1871 976 1954 τῆς
989 1872 1151 1955 Σαβίνων
1166 1896 1192 1938 ιι
1291 1891 1295 1900 ·

139 1979 263 2048 δέουσα
292 1975 355 2047 δόο
385 1975 447 2066 μέν
476 1980 514 2045 αί
532 1980 600 2045 τόν
627 1978 735 2057 πεζῶν
762 1973 939 2064 μυριάδες,
962 1971 1152 2043 ὀκτακόσιοι

140 2082 171 2152 δ’
198 2087 321 2171 ἱππεῖς,
353 2085 408 2153 καλ
441 2082 654 2172 προεκάθητο
685 2086 745 2170 τῆς
775 2079 904 2162 πόλεως
932 2084 1008 2170 διχῇ
1036 2084 1153 2170 διηρη-

139 2193 234 2279 μένη,
251 2195 310 2278 μία
330 2189 391 2278 μὲν
411 2203 513 2280 μοῖρα
531 2187 591 2258 τὸν
608 2187 805 2258 Ἐσκυλῖνον
825 2188 1009 2274 κατέχουσα
1032 2186 1153 2274 λόφον,

140 2295 193 2384 ἐφ’
219 2288 259 2384 ἧς
282 2294 383 2377 αὐτὸς
406 2293 424 2365 ό
444 2293 613 2383 Ῥωμύλος
639 2287 698 2383 ἦν,
723 2295 818 2383 ἑτέρα
840 2294 878 2363 δὲ
900 2291 961 2364 τὸν
984 2301 1153 2382 Κυρίνιον

141 2401 234 2472 οὔπω
257 2401 383 2490 ταύτην
407 2408 526 2490 ἔχοντα
553 2400 615 2490 τὴν
643 2407 889 2490 προσηγορίαν,
912 2393 952 2490 ἧς
979 2399 997 2470 ὁ
1025 2407 1153 2491 Τυρρη-
1167 2429 1194 2470 κο

139 2507 201 2590 νὸς
222 2501 266 2596 ἦν
290 2507 457 2596 Λοκόμων
480 2505 624 2596 ἡγεμών.

230 2617 415 2684 XXXVIII.
451 2612 589 2684 Μαθὼν
626 2613 664 2681 δὲ
699 2611 761 2701 την
793 2611 1006 2701 παρασκευὴν
1042 2610 1153 2682 αὐτόν

145 2721 264 2801 Τάτιος
291 2716 310 2790 δ
338 2723 406 2789 τῶν
435 2725 597 2806 Σαβίνων
625 2717 782 2806 βασιλεὺς
813 2717 934 2800 νυκτὸς
965 2717 1155 2806 ἀναστήσας

141 2826 202 2897 τὸν
226 2825 369 2914 στρατὸν
393 2818 451 2914 ἦγε
476 2825 532 2896 διὰ
554 2831 613 2915 τῆς
635 2826 746 2915 χώρας
765 2823 867 2895 οὐδὲν
890 2824 1070 2912 σινόμενος
1086 2829 1154 2894 τῶν

216 3053 383 3127 3πρότερον
398 3074 421 3112 ο.
436 3055 559 3112 Reudler
572 3055 663 3112 Time.
700 3062 754 3111 .23
811 3061 844 3111 10
858 3055 1005 3112 δεῖνταιΒ
1061 3058 1092 3106 11
1108 3047 1158 3121 ἀρ-

144 3149 205 3200 χειν
233 3124 377 3184 οόδευλΒ
413 3123 511 3197 ἄρχειν
539 3125 568 3184 ολ
594 3127 625 3182 δὲ
655 3127 800 3183 ουδενλλλ
892 3132 925 3181 14
948 3119 1059 3194 όλίγους
1081 3122 1157 3179 ABa

143 3195 216 3269 152‘2
244 3199 307 3254 add.
333 3197 490 3254 Ambrosch
573 3203 604 3253 16
628 3193 792 3254 ἀποδέουσα
821 3215 844 3252 ο.
869 3196 959 3252 Cobet
982 3195 1047 3251 Obs.
1072 3213 1097 3264 p.
1122 3200 1156 3249 47

147 3278 179 3327 17
199 3265 387 3340 προυκάθητο
416 3271 513 3325 malim
588 3276 620 3326 18
640 3265 842 3325 είσκόλινονλλ
873 3265 1015 3322 ίσκυλῖνον
1033 3266 1064 3332 Β,
1087 3281 1156 3321 corr.

144 3342 269 3412 Sylburg
342 3347 374 3396 19
394 3343 545 3409 Κυρίυειον
559 3340 689 3396 Meineke
761 3346 795 3395 20
815 3333 893 3394 οὔπω
912 3335 982 3393 τλΑ
1002 3330 1111 3391 οόπωτε
1125 3337 1157 3406 Β,

145 3431 215 3468 corr.
230 3413 385 3468 Ambrosoh
401 3415 404 3477 ξ
421 3407 512 3482 αότην
531 3413 563 3481 Ο,
579 3428 647 3466 corr.
663 3410 784 3482 Sylburg
856 3415 890 3464 23
909 3405 987 3471 τάιις
1005 3410 1030 3463 Α
1048 3407 1158 3472 τῖτοςΒ

145 3490 181 3539 24
200 3480 348 3554 σινόμενος
366 3483 422 3538 τῶν
441 3484 487 3538 Bb
516 3478 670 3551 οίνιόμενος
688 3482 745 3536 τῶν
763 3483 808 3537 Ba
835 3475 965 3551 οίόμενος
983 3479 1039 3534 τόν
1057 3479 1083 3534 Α
