2682 3982
569 286 603 296 -
642 237 735 310 ΓΖ.

141 416 278 504 πότεροι
305 419 374 484 τῶν
402 413 630 502 εὐγνωμόνων
663 413 802 504 ἀρξουσι
830 414 957 502 λόγων,
986 415 1081 503 ἑτέρα
1108 443 1158 496 τις

141 521 228 610 ἡμᾶς
251 521 381 610 ἀνάγκη
404 527 564 610 κρείττων
586 519 734 603 ἅπαντος
751 521 975 610 ἀνθρωπίνου
992 527 1157 610 λογισμοῦ
1206 509 1211 519 ’

141 631 371 719 περιλαβοῦσα
393 626 549 720 συνάγει·
580 623 624 716 ἣν
648 628 712 716 ἐγῶ
735 629 931 717 πυθόμενος
958 634 1005 699 ἐτι
1028 628 1157 698 λανθά-

141 755 272 806 νουσαν
295 734 382 824 ὑμᾶς
407 733 514 805 οὐκέτ’
540 732 658 828 ᾠόμην
682 739 755 804 δεῖν
783 738 842 823 τῆς
871 734 1066 826 εὐπρεπείας
1088 739 1156 805 τῶν

143 845 334 928 διαλλαγῶν
362 841 590 928 στοχάζεσθαι.
640 842 749 910 δειναὶ
776 840 857 927 γάρ,
888 834 914 910 ὦ
946 841 1067 928 Τύλλε,
1096 867 1184 930 μήτ

142 949 243 1036 γοναὶ
269 949 447 1018 πλέκονται
474 945 555 1016 καθ’
580 945 677 1035 ήμῶν
709 949 766 1016 καὶ
798 948 899 1029 δόλος
927 947 1077 1036 ἄφυκτος
1107 954 1158 1035 ἔρ-

143 1078 264 1143 ραπται
285 1051 358 1123 κατ’
384 1052 599 1143 ἀμφοτέρωνρ
627 1051 665 1134 ῦς
688 1059 824 1143 ἔμελλεν
848 1053 978 1124 ἀκονιτὶ
1000 1057 1057 1124 καὶ
1080 1059 1157 1142 δίχα
1217 1069 1220 1073 ’

141 1160 252 1230 πόνον
288 1160 398 1230 πάντα
434 1167 633 1251 συντρίψειν
664 1163 721 1230 καὶ
753 1165 955 1251 διαφθερεῖν
989 1160 1085 1250 ήμῶν
1116 1159 1157 1230 τά

142 1266 318 1356 πράγματα
336 1267 443 1358 πυρὸς
465 1265 486 1356 ή
505 1273 657 1356 ποταμοῦ
678 1273 776 1356 δίκην
796 1269 957 1357 ἐμπεσῶν.
998 1273 1156 1358 δημιουρ·
1178 1267 1195 1332 7

141 1373 197 1460 γοὶ
221 1373 258 1443 δέ
285 1378 354 1443 τῶν
385 1371 535 1445 ἀνοσίων
563 1375 803 1464 βουλευμάτων
832 1378 919 1445 είσλν
948 1379 983 1444 οί
1007 1374 1156 1444 δυνατῶ-
1172 1400 1197 1440 ιο

145 1507 238 1549 τατοι
273 1483 470 1568 Φιδηναίων
505 1507 541 1549 τε
580 1482 637 1549 καὶ
671 1481 886 1552 Οὐιεντανῶν
924 1482 1158 1562 συνελθόντες.
1191 1503 1193 1507 ’

85 1583 237 1666 4καὸστις
260 1586 297 1656 δέ
321 1585 339 1656 ὁ
358 1593 417 1676 τής
440 1590 621 1676 ἐπιβουλῆς
639 1587 751 1658 αὐτῶν
769 1589 893 1676 τρόπος
910 1580 954 1674 ήν
972 1589 1029 1656 καὶ
1047 1588 1157 1657 πόθεν

141 1697 189 1773 είς
212 1692 269 1781 ἐμὲ
291 1691 312 1781 ἡ
336 1697 406 1762 τῶν
435 1692 636 1784 ἀπορρήτων
663 1693 904 1782 βουλευμάτων
931 1696 1057 1780 γνῶσις
1085 1693 1157 1780 ἐλή-

141 1807 249 1868 λυθεν
272 1799 446 1871 ἀκούσατε.

231 1908 322 1975 VHI.
360 1906 460 1976 Ταῦτ’
491 1906 594 1976 είπῶν
627 1910 748 1976 δίδωσι
779 1910 848 1975 τῶν
879 1905 1057 1992 παρόντων
1089 1906 1157 1974 τινὶ
1173 1928 1199 1970 ιι

141 2010 338 2099 ἀναγνῶναι
373 2011 432 2094 τὰς
468 2013 658 2099 ἐπιστολάς,
695 2009 735 2092 ἀς
771 2010 860 2104 αὐτῷ
897 2011 1078 2098 κεκομικώς
1108 2039 1158 2091 τις

143 2118 303 2206 ἐτύγχανε
329 2119 420 2207 παρὰ
448 2125 516 2190 τῶν
544 2121 581 2188 ἐν
608 2119 741 2208 Φιδήνῃ
770 2119 876 2201 ξένων
903 2116 1043 2187 καὶτὸν
1065 2123 1157 2206 κομί-

142 2243 249 2294 σαντα
285 2222 387 2306 αῦτδις
422 2226 624 2315 παρήγαγεν.
681 2224 972 2312 ’ἀναγνωσθεισῶν
1015 2225 1053 2293 δέ
1088 2229 1156 2295 τῶν

143 2333 327 2402 ἐπιστολῶν
354 2333 411 2400 καὶ
437 2336 498 2401 τοῦ
525 2331 652 2422 ἀνδρὸς
679 2334 929 2420 ἐξηγησαμένου
956 2331 1066 2400 πάντα
1094 2329 1157 2400 ὅσα

141 2439 231 2529 παρά
254 2443 323 2509 τῶν
346 2441 589 2526 ἐπιτιθεμένων
612 2437 715 2520 αῦτάς
737 2439 802 2508 ἀπὸ
826 2439 990 2526 στόματος
1011 2437 1156 2526 ήκουσεν
1170 2467 1197 2507 ιο

142 2545 327 2633 ἐκπλήξεως
353 2572 389 2616 τε
417 2534 567 2633 Ιμεγάλης
596 2545 826 2633 κατασχούσης
854 2545 933 2626 τοῦς
960 2543 1156 2632 ἀκούοντας,

143 2648 199 2722 οἷα
231 2651 320 2732 είκὸς
351 2653 405 2720 ἐπὶ
436 2651 620 2745 τηλικούτῳ
656 2656 747 2745 κακῶ
778 2651 857 2740 παρ’
888 2655 1024 2734 ἐλπίδας
1056 2651 1157 2722 ἀκον-

142 2760 276 2846 σθέντι,
305 2756 425 2848 μικρὸν
453 2756 598 2846 ἐπισχῶν
626 2755 644 2828 ό
672 2761 879 2847 Φουφέττιος
904 2758 1006 2828 πόλιν
1033 2761 1156 2841 ἔλεξεν·

138 2865 315 2954 Ἀκηκόατε
346 2864 405 2946 τάς
428 2869 561 2952 αίτίας,
594 2863 716 2954 ἀνδρες
738 2862 911 2952 Ῥωμαῖοι,
944 2864 989 2933 δι’
1019 2862 1060 2944 ἀς
1091 2862 1196 2950 ἐγῶ2

140 2975 223 3054 τέως
241 2972 349 3060 <μέν>
368 2969 603 3061 ἀνεβαλλόμην
626 2971 706 3052 τοῦς
723 2969 807 3064 πρός
824 2968 912 3058 ὑμᾶς
928 2968 1072 3056 ἀγῶνας,
1088 2973 1155 3038 νῦν
1171 2987 1197 3030 2⁵

214 3172 230 3222 2
249 3163 394 3232 παντὸςΟ
458 3174 476 3224 4
494 3169 541 3223 δεῖ
552 3169 598 3222 Ba
664 3173 680 3222 λ
699 3167 748 3220 καί
767 3167 833 3236 σίγα
851 3159 942 3220 πόνον
957 3163 1011 3218 del.
1026 3162 1156 3219 Meineke

20 3253 23 3260 ·
141 3239 408 3309 8διαφθείρεινΒ
499 3245 531 3294 11
555 3237 779 3307 φειδηναίωνΒ
870 3241 903 3290 13
926 3228 1108 3303 είςελήλυθεν
1130 3235 1156 3288 A

143 3315 176 3364 19
191 3310 402 3381 διηγησαμένου
421 3327 445 3366 ο.
456 3309 545 3368 Cobet
558 3307 630 3364 Nov.
640 3309 718 3364 Leot.
729 3325 755 3378 p.
766 3313 828 3376 290,
843 3307 908 3362 Obs.
919 3323 945 3376 p.
957 3310 991 3360 59
1046 3310 1081 3359 20
1097 3301 1156 3358 ἐτι·

140 3377 255 3436 θέντων
269 3381 358 3438 Οοῦολ
372 3381 439 3437 Oba.
453 3400 481 3452 p.
496 3385 540 3452 59,
560 3375 741 3450 ἐπιθεμένων
755 3377 894 3434 Bfleheler
964 3381 998 3431 23
1017 3370 1118 3446 μικρὸν
1132 3373 1156 3427 Β

141 3467 197 3507 om.
215 3453 241 3508 R
312 3458 348 3507 24
367 3447 472 3522 ἐγῶ-τε
492 3453 524 3522 Ο,
548 3448 636 3521 ἔγωγε
657 3449 787 3520 Sylburg,
812 3444 867 3518 ἐγῦ
890 3448 959 3510 τέως
982 3445 1035 3517 μέν
1052 3444 1156 3501 Reiske

140 3528 176 3578 25
193 3517 376 3596 ἀνεβαλόμην
394 3524 420 3577 A
