2698 3982
193 203 237 268 56
620 204 787 258 -A-

154 366 305 432 3πᾶσαν
330 361 415 450 ὅσην
439 360 457 432 ό
482 361 624 450 δάμαλις
647 365 789 450 διῆλθεν
814 358 1027 430 Οὐιτουλίαν.
1073 387 1210 450 μεταπε-

195 484 268 538 σεῖν
292 469 330 538 δὲ
352 467 418 538 άυδι
440 469 566 558 χρόνον
589 467 652 555 τὴν
676 467 863 556 ὀνομασίαν
886 474 935 548 είς
956 467 994 538 τὸ
1009 473 1075 537 νύν
1099 473 1209 557 σχῆμα

114 583 117 588 ’
196 574 298 645 οὐδὲν
330 576 549 662 θαυμαστόν,
582 575 653 642 ἐπεὶ
685 575 740 642 καὶ
771 579 840 642 τῶν
864 571 1070 662 Ἑλληνικῶν
1102 575 1209 644 πολλὰ

194 682 232 752 τὸ
260 681 494 772 παραπλήσιον
521 683 693 750 πέπονθεν
722 678 909 768 ὀνομάτων.
953 681 1041 769 πλὴν
1070 691 1134 750 είτε
1165 678 1211 762 ὡς

168 786 360 876 εἈντίοχός
383 808 488 877 φησιν
512 785 563 856 ἐπ’
588 785 715 876 ἀνδρὸς
742 785 922 875 ἡγεμόνος,
946 785 1027 876 ὅπερ
1052 797 1131 868 ἴσως
1153 787 1211 858 καί

194 894 431 983 πιθανώτερόν
455 897 557 980 ἐστιν,
582 893 644 962 εἴθ’
671 891 716 974 ὡς
734 891 928 974 Ἑλλάνικος
952 903 1055 964 οἴεται
1078 895 1131 964 ἐπὶ
1149 897 1210 965 τοῦ

194 1001 322 1090 ταύρου
354 999 416 1087 τὴν
449 998 636 1087 ὀνομασίαν
669 1000 795 1087 ταύτην
828 1006 938 1088 ἔσχεν,
970 1001 1078 1069 ἐκεῖνό
1106 1026 1143 1086 γε
1176 1001 1210 1083 ἐξ

196 1107 324 1196 ἀμφοῖν
357 1111 480 1194 δῆλον,
514 1105 566 1176 ότι
596 1105 680 1175 κατὰ
710 1105 773 1194 τὴν
797 1104 1001 1196 Ἡρακλέους
1027 1105 1161 1194 ἡλικίαν
1189 1101 1211 1192 ἢ

196 1218 302 1306 μικρῷ
325 1212 479 1301 πρόσθεν
503 1211 609 1293 οὕτως
632 1211 828 1301 ὠνομάσθη.
868 1211 911 1290 τὰῚ
933 1212 970 1281 δὲ
992 1211 1057 1303 πρὸ
1081 1211 1211 1282 τούτων

158 1319 351 1407 ιοἝλληυες
372 1319 434 1407 μὲν
452 1317 631 1407 Ἑσπερίαν
653 1320 710 1387 καὶ
728 1317 903 1388 Αὐσονίαν
927 1317 1032 1408 αὐτὴν
1056 1317 1211 1404 ἐκάλουν,

197 1430 232 1496 os
253 1424 285 1494 δ’
311 1425 483 1515 ἐπιχώριοι
506 1431 712 1513 Σατορνίαν,
737 1423 783 1506 ὡς
806 1430 938 1515 είρηταί
957 1453 1014 1514 μοι
1037 1425 1212 1512 πρότερον.

285 1533 436 1602 XXXVI.
461 1529 566 1600 ’Ἑστν
582 1533 622 1600 δέ
642 1559 692 1610 τις
718 1531 774 1600 καὶ
798 1533 908 1620 ἕτερος
930 1529 1031 1620 λόγος
1053 1531 1120 1602 ὑπὸ
1143 1535 1211 1599 τῶν

197 1641 385 1726 ἐπιχωρίων
413 1637 727 1726 μυθολογούμενος,
757 1634 801 1718 ύς
827 1637 973 1727 πρὸτῆς
996 1638 1081 1720 Διὸς
1109 1636 1212 1726 ἀρχῆς

197 1743 215 1814 ὁ
240 1744 376 1833 Κρόνος
399 1747 436 1814 ἐν
458 1749 499 1834 τῇ
522 1749 564 1834 γῇ
591 1745 695 1834 ταύτη
719 1745 969 1832 δυναστεύσειε,
996 1748 1052 1815 καὶ
1076 1743 1095 1814 ὁ
1118 1743 1212 1830 λεγό-

157 1877 183 1917 ιε
198 1877 298 1938 μενος
326 1849 375 1920 ἐπ’
407 1854 537 1920 ἐκείνου
565 1856 640 1938 βίος
667 1849 771 1921 ἅπασι
795 1851 938 1940 δαψιλὴς
965 1851 1104 1932 ὁπόσοις
1126 1841 1211 1937 ὧραι
1230 1863 1265 1914 91
1337 1897 1338 1928 ,

199 1957 348 2045 φύουσιν
368 1954 409 2026 ού
427 1955 505 2045 παρ’
523 1955 638 2038 ἄλλοις
658 1963 786 2045 μᾶλλον
805 1955 826 2045 ἢ
846 1957 936 2046 παρὰ
956 1965 1051 2047 σφίσι
1069 1959 1212 2046 γένοιτο.

158 2055 180 2120 2
198 2064 255 2132 καὶ
274 2071 308 2131 εί
321 2091 371 2144 τις
390 2061 498 2142 άλλως
511 2061 647 2150 ἀφελῶν
666 2062 704 2132 τὸ
723 2068 882 2151 μυθῶδες
899 2069 960 2134 τού
979 2065 1084 2152 λόγου
1103 2062 1212 2151 χώρας

197 2168 319 2257 ἀρετὴν
347 2168 507 2250 ἐξετάζειν
535 2167 744 2256 ἐθελήσειεν,
772 2172 806 2250 ἐξ
828 2161 868 2257 ἧς
889 2172 988 2258 γένος
1009 2171 1047 2241 τὸ
1077 2168 1212 2257 ἀνθρύ-

197 2300 271 2344 πων
285 2279 439 2354 πλείστας
453 2271 666 2360 εὐφροσύνας
680 2274 892 2365 έκαρπύσατο
907 2277 1092 2365 γενόμενον
1108 2273 1213 2356 εὐθύς

158 2407 184 2448 εο
198 2378 253 2449 εἰτ’
279 2382 315 2448 εἰι
337 2383 398 2466 γῆς
422 2376 467 2458 ὡς
491 2377 509 2446 ὁ
532 2378 673 2460 παλαιὸς
696 2385 762 2468 ἔχει
785 2381 896 2467 λόγος,
919 2380 974 2452 εἶτ’
999 2381 1108 2462 άλλως
1131 2405 1213 2468 πως,

199 2484 260 2556 οὐκ
284 2481 327 2554 ἂν
350 2483 444 2573 εὕροι
466 2485 589 2573 ταύτης
602 2485 679 2564 τινὰ
702 2490 980 2578 ἐπιτηδειοτέραν.
1011 2487 1055 2569 ὡς
1069 2486 1132 2576 γὰρ
1152 2492 1213 2574 μία

198 2597 240 2682 γῆ
268 2590 351 2681 πρὸς
379 2593 495 2680 ἑτέραν
522 2597 701 2681 κρίνεσθαι
727 2594 895 2682 τοσαύτην
922 2594 960 2664 τὸ
988 2591 1214 2683 μέγεθος,οὐ

198 2699 307 2787 μόνον
330 2701 388 2786 τῆς
402 2697 577 2786 Εὐρώπης,
601 2698 685 2768 άλλδι
707 2701 839 2788 καὶτῆς
861 2699 964 2789 άλλης
986 2701 1116 2790 ἁπάσης
1133 2727 1212 2787 κρα-

159 2815 180 2882 3
198 2810 292 2892 τίστη
314 2802 386 2873 κατ’
412 2803 495 2892 ἐμὴν
519 2805 623 2888 δόξαν
646 2807 738 2876 ἐστὶν
758 2805 889 2876 Ἰταλία.
911 2813 1020 2877 καίτοι
1042 2836 1083 2898 με
1097 2806 1139 2877 ού
1161 2809 1213 2878 λέ-

159 2939 185 2980 25
199 2920 306 2998 ληθεν
330 2909 382 2979 ὅτι
404 2919 540 2992 πολλοῖς
564 2911 605 2981 ού
627 2911 726 2982 πιστὰ
751 2913 837 2996 δόξω
857 2916 978 3002 λέγειν,
1002 2915 1214 3004 ἐνθυμουμέ-

199 3044 273 3097 νοις
295 3015 470 3104 Αίγυπτόν
497 3045 532 3088 τε
559 3019 614 3087 καὶ
638 3019 771 3107 Λιβύην
798 3021 854 3088 καὶ
882 3026 1071 3108 Βαβυλῶνα
1097 3021 1153 3090 καὶ
1183 3025 1216 3090 εί

201 3123 243 3210 δή
265 3151 355 3204 τινες
377 3122 474 3192 άλλοι
496 3129 603 3212 χῶροί
623 3130 710 3194 εἰσιν
733 3125 947 3214 εὐδαίμονες·
970 3125 1043 3195 ἄλλ’
1070 3127 1134 3216 ἐγὼ
1152 3127 1214 3196 τὸν

199 3268 544 3405 ιαάετίζάζῖίλσίύ
568 3264 984 3410 ΜὶεΒμεάάόεΒάίίιδ
1043 3277 1215 3403 numm&

200 3401 289 3469 ἄλλως
308 3424 330 3462 ο.
350 3406 483 3478 Sylburg‚
502 3408 617 3479 Reiske,
636 3411 793 3466 Ambrosch
821 3414 852 3466 εἴ
869 3431 911 3474 τις
938 3406 1021 3476 ἄλλος
1039 3415 1064 3468 R
1088 3413 1119 3467 εί
1131 3431 1173 3473 τις
1191 3411 1215 3464 Β

236 3483 269 3532 21
298 3479 366 3547 μίαν
389 3480 443 3547 γῆν
463 3496 486 3534 ο.
507 3479 629 3552 Sylburg
701 3489 734 3537 22
754 3485 959 3552 συγκρίνεσθαι
977 3501 1000 3540 ο.
1021 3484 1178 3555 Stephanus
