2682 3982
562 229 727 282 ..Β-

139 397 160 461 ιλ
199 393 261 460 οὐκ
293 392 345 460 aaz
376 393 444 464 τῶν
477 392 656 457 ἰδιωτικῶν
688 385 910 476 κατεστήσατο
943 387 1051 475 μόνον
1078 386 1152 476 κτή-

139 519 226 568 σεων
249 497 287 566 τὸ
311 501 458 583 δίκαιον,
482 493 567 564 άλλά
594 495 649 564 καὶ
678 495 730 563 ίτιὶ
757 505 826 564 τῶν
851 498 1038 583 δημοσίων,
1062 492 1155 582 ὅροις
1215 561 1219 570 ,

138 604 294 686 κάκείνας
321 604 526 693 περιλαβῶν,
553 604 612 670 ίνα
637 601 695 669 καὶ
717 599 779 689 τήν
798 598 971 689 Ῥωμαίων
999 605 1064 688 γῆν
1086 598 1153 669 άπὸ

139 717 197 799 τής
218 709 455 798 ἀστυγείτονος
477 707 565 797 ὅριοι
589 712 746 797 διαιρῶσι
768 709 846 776 θεολ
869 710 926 776 καὶ
948 706 1011 796 τήν
1032 707 1154 795 κοινήν

137 813 203 886 άττό
225 821 285 905 τῆς
312 821 409 898 ἰδίας.
453 820 553 886 τοῦτο
581 816 677 904 μέχρι
704 819 772 884 τῶν
801 813 880 884 καθ’
906 813 993 903 ἡμᾶς
1014 815 1174 904 χρόνωνε

139 923 344 1012 φυλάττουσι
362 923 519 1012 Ῥωμαῖοι
550 926 626 1008 [τοῦ
648 923 788 1010 χρόνον]
812 935 956 1010 μνημεῖα
977 926 1036 1010 τής
1059 919 1154 1002 ὁσίας

138 1027 240 1117 αὐτῆς
266 1032 372 1100 ἕνεκα.
417 1030 522 1110 θεούς
548 1054 584 1098 τε
613 1027 677 1118 γάρ
700 1025 864 1116 ἡγοῦνται
892 1027 971 1108 τοὺς
994 1029 1154 1118 τέρμονας

137 1137 193 1204 καί
219 1136 369 1220 θύουσιν
401 1135 515 1218 αὐτοῖς
547 1133 645 1222 ὁσέτη
677 1139 746 1205 τῶν
774 1135 836 1224 μὲν
864 1135 1023 1223 ἐμψύχων
1051 1133 1154 1204 οὐδὲν

138 1240 195 1332 (οὐ
221 1243 288 1330 γάρ
316 1241 413 1312 ὅσιον
441 1243 615 1332 αἱμάττειν
646 1241 727 1323 τοὺς
757 1245 891 1332 λίθους)
922 1241 1088 1322 πελάνους
1115 1243 1153 1312 δὲ
1233 1303 1235 1308 .

79 1370 135 1420 398
143 1351 346 1438 δημητρίους
369 1350 424 1418 καὶ
445 1349 548 1430 ἄλλας
569 1347 663 1430 τινάς
685 1353 823 1434 καρπῶν
846 1350 1005 1436 ἀπαρχάς.
1051 1323 1193 1450 ἐχρήνῖᾟ

137 1457 175 1523 δὲ
193 1456 249 1524 καὶ
267 1455 305 1525 τὸ
325 1461 426 1543 ἔργον
445 1462 492 1525 ἔτι
511 1455 691 1542 φυλάττειν
706 1454 825 1524 πιστὸν
844 1446 1035 1540 αὐτούς,οὖ
1053 1457 1152 1544 χάριν

65 1619 72 1630 .
135 1563 240 1642 θεοὺς
272 1562 406 1651 ἐνόμισε
440 1561 521 1643 τοὺς
556 1565 720 1650 τέρμονας
756 1559 774 1630 ὁ
808 1561 943 1649 Νόμας,
976 1563 1152 1650 ίκανονμί-

135 1695 218 1764 νρυς
249 1683 319 1750 τοίς
352 1669 481 1738 ἑαυτῶν
512 1668 672 1756 κτήμασι,
704 1671 772 1737 τῶν
801 1664 833 1734 δ’
859 1666 1046 1756 ἀλλοτρίων
1071 1668 1152 1756 μήτε

136 1780 194 1866 βία
221 1776 517 1864 σφετεριζομένους
544 1775 651 1863 μηδὲν
678 1774 759 1863 μήτε
788 1773 887 1866 δόλφ.
932 1778 999 1842 νῦν
1030 1773 1063 1842 δ’
1079 1769 1152 1863 ὀὐχ

136 1878 183 1960 ῶς
205 1879 345 1970 ἄμεινον
368 1879 443 1970 φῶθ’
469 1879 515 1964 ῶς
538 1885 574 1950 οί
593 1881 757 1969 πρόγονοι
783 1881 984 1969 παρέδοσαν.
1003 1878 1155 1968 ὁρίζουσί
1166 1905 1192 1945 ιε

134 1984 311 2068 τινεςάτιὸ
335 1993 404 2058 τῶν
427 1986 614 2076 ἀλλοτρίων
635 1988 677 2056 τὰ
698 1993 813 2074 οἰκεῖα,
832 1984 905 2056 άλλ’
927 1993 1018 2056 ἔστιν
1038 1986 1152 2068 αὐτοῖς

135 2091 217 2182 ὅρος
238 2099 308 2164 τῶν
330 2095 478 2183 κτήσεων
503 2093 565 2184 οὐχ
588 2093 606 2163 ὁ
632 2095 752 2183 νόμος,
777 2092 851 2162 ἀλλ’
876 2091 897 2181 ή
921 2093 1058 2163 πάντων
1082 2097 1161 2164 ἐντιέ·

134 2206 256 2288 θυμία,
278 2205 414 2290 πρᾶγμα
438 2200 480 2270 οὐ
497 2201 611 2290 καλόν,
650 2199 723 2270 ἀλλ’
743 2198 828 2289 ὑπὲρ
851 2201 913 2289 μὲν
931 2199 1150 2286 τούτωνι[ἐν]

135 2308 262 2394 ἑτέροις
283 2313 445 2396 παρίεμεν
463 2311 610 2378 σκοπεῖν.
1210 2315 1214 2322 ’

223 2415 354 2482 LXXV.
386 2411 422 2482 ‘0
449 2413 486 2482 δὲ
508 2413 629 2502 Νόμας
656 2419 703 2495 είς
730 2414 791 2501 μὲν
814 2412 984 2484 εὐτέλειαν
1011 2415 1067 2483 καὶ
1090 2435 1151 2484 σω·
1165 2438 1191 2478 ιο
1257 2430 1261 2436 ·

133 2517 314 2607 φροσύνήν
338 2519 395 2587 διὰ
417 2518 583 2590 τοιούτων
602 2522 791 2590 συνέστειλε
813 2520 931 2610 νόμων
954 2519 1016 2608 τήν
1039 2521 1150 2607 πόλιν,

206 2721 222 2768 3
247 2716 383 2777 κακείνας
405 2715 428 2768 Β
455 2720 575 2771 κακεῖνα
598 2715 624 2770 R
705 2720 722 2770 ὅ
747 2714 850 2772 τούτου
873 2734 896 2772 ο.
922 2715 1045 2772 Schmitz
1067 2735 1095 2787 p.
1117 2723 1149 2773 16

134 2791 152 2840 6
173 2785 225 2840 τοῦ
245 2783 349 2856 χρόνον
368 2787 422 2841 del.
441 2787 488 2840 Bb
505 2787 556 2842 τοῦ
577 2785 668 2857 νόμον
687 2787 870 2856 o.'B1”10heler‚
889 2790 940 2843 τοῦ
964 2783 1084 2857 ἀρχαίου
1102 2790 1150 2844 vel

45 2863 56 2882 ⁶
134 2857 186 2911 τοῦ
204 2853 269 2912 τότε
289 2851 394 2928 χρόνον
413 2873 436 2912 ο.
450 2857 562 2925 Βεὶελτε,
582 2875 616 2913 ex
630 2859 786 2929 depravata
797 2875 868 2914 voce
881 2857 1045 2930 τερμινάλια
1064 2859 1149 2914 lectio

136 2927 301 2983 Casaubono
316 2931 379 2984 orta
391 2928 580 2984 videturesse
653 2933 669 2982 8
689 2924 735 2984 ὅτ’
756 2927 803 2998 ἔτη
821 2926 869 2984 Bb'
888 2923 957 2984 ῶστε
977 2930 1024 2984 Ba
1042 2923 1109 2999 ὄστη
1124 2931 1150 2984 Α

134 2996 356 3061 9πελανοὺςΑ
433 3005 466 3053 10
489 2995 630 3070 δήμήτρος
653 2999 676 3054 O
703 3017 772 3055 corr.
790 2999 920 3056 Meineke
1001 3005 1033 3053 11
1052 2999 1149 3055 *εἶτα

134 3067 259 3124 τονάσου
273 3069 299 3122 A
317 3065 525 3142 άικαν>τον..
546 3063 579 3126 οὗ
596 3072 617 3124 Β
636 3063 710 3126 sed*
731 3071 795 3126 add.
814 3071 862 3125 Bb
881 3066 952 3126 αὐτὸ
968 3061 1002 3124 οὗ
1019 3070 1149 3141 Sylburg‚

133 3136 242 3202 αὖτοὺς
260 3132 294 3195 οὗ
315 3140 431 3210 canter,
450 3135 579 3204 ἅπαντας
598 3140 714 3210 Reiske‚
740 3136 846 3204 αὐτοὺς
864 3135 931 3196 ὅτου
950 3141 1051 3196 Portus
1088 3137 1147 3196 άπὸ

134 3211 186 3265 τοῦ
205 3213 267 3266 ἴσον
291 3212 455 3280 Ambroseb,
480 3211 604 3268 Sintenis
627 3213 687 3267 Em.
707 3211 790 3267 Dion.
808 3212 821 3265 I
839 3230 867 3281 p.
886 3217 921 3266 20
999 3218 1032 3266 12
1052 3185 1150 3284 ίνόμι-
1191 3223 1195 3230 “

133 3281 230 3337 οανΟ
255 3299 324 3339 eorr.
349 3283 485 3338 Bflcheler
500 3281 536 3351 Ιὸ
560 3281 664 3354 Νόμας
686 3283 825 3338 Βῦολιθλοε
852 3279 993 3352 ὀνομάσαι
1010 3283 1058 3338 Ba
1086 3279 1150 3340 ὀνο-

134 3349 223 3422 μάσαι
242 3353 318 3408 BbR
334 3355 338 3424 Ι
355 3351 561 3424 ἱκανουμένους
583 3353 661 3409 haud
683 3353 768 3409 dubie
792 3356 953 3423 corruptum
973 3355 1017 3409 εελ
1036 3351 1149 3410 [navav-

134 3423 231 3494 μένοις
243 3423 290 3479 Ba
308 3419 504 3495 ἀρκουμένους
522 3443 545 3482 ο.
560 3423 668 3516 Kayser
681 3425 753 3481 Ann.
768 3425 837 3494 phil.
854 3431 922 3482 1861
936 3445 964 3496 p.
979 3433 995 3481 9
1065 3431 1098 3482 18
1118 3424 1150 3483 ἐν

133 3495 241 3551 delevit
259 3495 419 3566 Stephanus
492 3501 525 3550 21
546 3495 745 3570 συνεστ<ειλ>ε
765 3498 787 3551 Β
807 3497 957 3566 συνέστησε
976 3498 1002 3553 R
