2698 3982
575 246 742 300 -A-
1124 247 1167 313 53

153 403 270 474 κοινὸν
297 413 511 492 καταθεῖναι,
537 405 593 474 καὶ
617 403 673 473 διά
700 409 804 475 ταῦτα
830 410 956 494 πολλῆς
984 409 1169 495 ἐπιμελείας

151 511 330 598 τυγχάνειν
357 511 442 600 πρὸς
468 517 536 581 τῶν
565 509 832 600 ὑποδεξαμένων.
876 517 976 582 τοῦτο
1008 514 1207 604 δεότερονὸ

154 622 255 698 ἔθνος
286 615 485 707 Ἑλληνικὸν
520 615 600 706 μετά
637 617 834 706 Πελασγοὺς
870 617 1079 707 ἀφικόμενον
1120 626 1169 703 είς

6 769 11 828 η
149 719 294 793 Ἰταλίαν
312 723 432 813 κοινὴν
446 730 520 812 ἔσχε
539 721 619 812 μετά
635 726 697 812 τὴν
714 729 824 814 (τάν)
837 722 1057 814 Ἀβοριγίνων
1078 735 1167 816 οίκη-

152 848 208 898 σιν
227 831 265 898 ἐν
287 836 333 924 τῷ
356 837 520 921 κρατίστῳ
543 835 603 918 τῆς
620 829 748 919 Ῥιόμης
772 830 1001 921 ἱδρυσάμενον
1023 837 1145 926 χωρίῳ.
1181 855 1195 894 ε

240 940 409 1008 XXXIIIL
442 936 582 1023 Ὀλίγοις
615 935 649 1004 δ’
685 934 827 1026 ὕστερον
859 942 945 1007 ἔτεσι
982 935 1061 1024 μετά
1090 937 1169 1020 τοὺς

149 1040 310 1133 Ἀρκάδας
338 1043 439 1125 ἄλλος
462 1048 509 1124 είς
528 1041 671 1116 Ἰταλίαν
695 1041 884 1131 ἀφικνεῖται
913 1043 1032 1124 στόλος
1054 1041 1168 1132 Ἑλλη-

152 1147 245 1230 νικὸς
274 1149 418 1237 ἄγοντος
441 1148 661 1238 Ἡρακλέους,
692 1145 729 1230 δς
749 1148 898 1238 Ἰβηρίαν
927 1150 985 1244 καλ
1009 1147 1050 1220 τά
1073 1153 1168 1241 μέχρι

153 1259 292 1345 δυσμῶν
315 1254 415 1344 ἡλίου
437 1257 547 1326 πάντα
561 1256 807 1345 χειρωσάμενος
829 1247 920 1344 ἧκεν.
950 1249 984 1340 ἐξ
1008 1247 1057 1326 ὦν
1079 1283 1168 1340 τινες

146 1359 310 1452 Ἡρακλέα
337 1361 624 1452 παραιτησάμενοι
651 1367 710 1450 τῆς
736 1367 962 1452 πραγματείας
984 1361 1168 1451 ἀφεθῆναι,
1183 1385 1209 1426 1⁰

150 1470 226 1558 περὶ
249 1472 354 1538 ταῦτα
377 1468 417 1538 τά
441 1473 545 1556 χωρία
568 1466 752 1556 ὑπέμειναν
774 1470 830 1539 καί
843 1474 1036 1552 πολιᾜονται
1059 1470 1169 1558 λόφον

151 1575 340 1663 ἐπιτήδειον
364 1571 533 1663 εὑρόντες,
556 1579 736 1668 τρισταδίῳ
762 1575 799 1644 δὲ
822 1575 964 1664 μάλιστα
987 1573 1084 1664 μήκει
1106 1580 1168 1646 τοὺ

150 1687 369 1751 Παλλαντίου
397 1681 652 1771 διειργόμενον,
687 1677 724 1764 δς
752 1687 818 1752 νῦν
845 1681 906 1770 μὲν
933 1689 1170 1764 Καπιτωλῖνος

151 1786 365 1876 ὀνομάζεται,
392 1785 459 1857 ὑπὸ
492 1787 529 1856 δέ
552 1792 621 1857 τῶν
653 1787 728 1858 τότε
756 1786 950 1878 άνθράπων
979 1789 1169 1880 Σατόρνιος

149 1897 301 1983 ἐλέγετο,
329 1894 439 1984 ὥσπερ
463 1891 508 1964 ἂν
536 1903 624 1965 είποι
650 1923 701 1976 τις
718 1893 854 1965 Ἑλλάδι
882 1899 980 1984 φωνῇ
1009 1896 1167 1985 Κρόνιος.
1182 1917 1208 1957 1⁵

148 2005 219 2072 τῶν
253 2003 290 2070 δὲ
321 2000 600 2090 ὑπολειφθέντων
634 2003 669 2070 οί
694 2001 756 2090 μὲν
783 2008 919 2081 πλείους
946 1993 1034 2088 ἦσαν
1061 2006 1208 2072 Helo-2

148 2111 342 2196 ποννήσιοι,
368 2113 533 2177 Φενεᾶταί
547 2133 582 2178 τε
601 2109 657 2176 καὶ
676 2106 801 2178 Ἐπειοὶ
816 2111 878 2194 [οί]
895 2109 928 2190 ἐξ
942 2107 1094 2194 Ἤλιδος,
1118 2103 1168 2190 οἷς

152 2212 262 2283 οὐκέτι
277 2214 400 2312 ,πόθος
426 2206 470 2301 ἦν
498 2217 557 2301 τῆς
585 2217 701 2282 οίκαδε
733 2213 817 2284 ὁδοῦ
851 2214 1168 2304 διαπεπορθημένης

95 2319 272 2400 ammte
303 2325 362 2407 τῆς
384 2323 545 2409 πατρίδος
571 2322 609 2388 έν
641 2323 687 2412 τῷ
719 2318 804 2410 πρὸς
826 2318 990 2411 Ἡρακλέα
1022 2321 1167 2413 πολέμῳ,

150 2428 303 2514 ἐμέμικτο
333 2429 373 2494 δέ
397 2453 429 2494 τι
456 2426 512 2494 καί
538 2425 689 2514 Τρωικὸν
717 2425 832 2507 αὐτοῖς
858 2431 926 2496 τῶν
955 2428 1008 2496 ἐπὶ
1038 2427 1167 2514 Λαομέ-
1181 2449 1209 2490 εο

150 2537 271 2614 δοντος
294 2531 513 2620 αίχμαλοίτων
543 2534 576 2614 ἐξ
602 2531 704 2602 Ἰλίου
727 2535 920 2622 γενομένων
944 2531 1000 2602 ότε
1022 2538 1081 2620 τῆς
1107 2533 1167 2602 ’πό-

152 2648 236 2721 λεως
253 2638 419 2729 Ἡρακλῆς
441 2638 611 2728 ἐκράτησε.
642 2643 736 2708 δοκεῖ
758 2641 798 2708 δέ
817 2667 875 2728 μοι
898 2640 953 2708 καὶ
976 2643 1037 2710 τοῦ
1061 2639 1167 2708 ἄλλον

150 2751 295 2836 στρατοῦ
318 2750 397 2847 πάρ,
421 2756 454 2815 εί
464 2773 496 2815 τι
514 2744 708 2835 καματηρὸν
731 2742 752 2832 ἢ
775 2751 815 2836 τῇ
839 2746 948 2836 πλάνη
972 2745 1167 2835 ἀχθόμενον

150 2847 211 2942 ἦν,
230 2852 362 2941 ’άφεσιν
389 2857 448 2940 τῆς
471 2859 643 2942 στρατείας
666 2852 892 2940 αἰτησάμενον
919 2856 957 2922 έν
979 2858 1025 2947 τῷ
1054 2857 1165 2943 χωρίῳ

149 2963 237 3054 τῷδε
268 2958 457 3046 ὑπομείναι.
502 2959 540 3029 τὸ
569 2960 607 3028 δὲ
639 2958 747 3046 ὄνομα
779 2963 824 3052 τῷ
856 2959 951 3052 λόφῳ
983 2959 1072 3039 τινές
1104 2957 1165 3046 μὲν
1179 3015 1207 3056 ‚5

223 3161 237 3210 1
266 3149 307 3209 δι’
328 3149 402 3209 αὑτά
426 3155 479 3209 ΑΒ
551 3161 567 3209 2
593 3151 646 3224 πρὸ
670 3155 726 3209 τῶν
748 3155 794 3210 Ba
870 3150 1001 3224 λ*μετά
1020 3151 1072 3224 τὴν
1091 3154 1165 3208 ΔΒε,

150 3231 167 3280 9
191 3217 261 3294 ἧκεν
289 3225 432 3296 Kiessling
459 3217 496 3294 ἦν
526 3226 548 3281 Ο
581 3221 785 3296 χειρωσόμενος
811 3221 858 3297 ᾔει
886 3241 909 3280 ο.
937 3225 1040 3280 Βείείῑο
1131 3233 1163 3280 12

150 3291 325 3370 εὑρ<ό>ντες
345 3293 376 3351 έν
395 3317 417 3352 τ.
436 3297 459 3350 Β
476 3299 480 3364 Ι
495 3298 645 3369 τρισταδίῳ
664 3299 714 3352 aut
732 3292 815 3366 μήκει
831 3297 885 3352 del.
899 3296 1001 3352 Reiske
1064 3301 1097 3350 14
1115 3314 1165 3350 σα-

148 3363 319 3434 τοόρνιοςΒ
397 3373 429 3422 17
452 3362 593 3458 φενεάται
612 3368 664 3422 AB
687 3369 692 3436 Ι
717 3363 800 3436 ίπηολ
822 3369 867 3422 Ba
890 3371 894 3435 Ι
918 3363 948 3421 οί
971 3367 1024 3422 del.
1043 3367 1165 3422 Raudler

148 3437 238 3494 Tiroo.
253 3439 313 3494 erit.
333 3445 391 3508 μθ
417 3441 421 3508 Ι
446 3441 549 3508 ηλυδος
566 3441 613 3494 Ba
686 3445 719 3493 20
742 3437 919 3508 λαομέδοντα
941 3438 964 3492 Β
1036 3443 1070 3494 23
1094 3441 1126 3494 εί
1138 3459 1164 3492 τι

148 3505 227 3565 πάνυ
255 3526 277 3565 ο.
297 3509 438 3580 Kiessling
510 3515 545 3564 24
568 3501 585 3580 ἦ
605 3509 649 3564 Ba
665 3512 669 3577 J
685 3511 735 3578 τῆς
753 3511 847 3578 τροίας
864 3509 910 3564 Ba
