2670 3984
560 257 724 310 -B-
897 280 903 289 ·
1083 253 1147 320 169

128 416 265 504 νάμεως
296 414 388 504 εἶχον
420 414 614 504 ὑπηρετεῖν,
646 419 715 484 τῶν
746 415 784 484 δέ
816 420 1000 506 πατρικίων
1029 413 1148 503 ἥκιστα

128 526 353 610 βουλομένων
388 539 459 604 τοῖς
493 523 650 604 πελάταις
686 525 837 610 ἐνοχλεῖν
874 521 1081 611 χρηματικήν
1112 549 1148 592 τε

66 641 128 694 259
135 627 299 717 οὐδεμίαν
318 628 450 716 δωρεὰν
463 632 709 718 προσιεμένων·
733 625 840 710 οὕτως
858 625 1018 716 ἐγκρατὴς
1036 625 1054 697 ὁ
1075 635 1149 715 βίος

128 727 175 823 ἦν
211 733 326 816 αὐτοῖς
362 733 492 824 ἁπάσης
527 733 655 824 ἡδονῆς
685 736 742 804 καί
773 734 811 806 τὸ
845 741 1011 823 μακαρίον
1047 733 1147 826 ἀρετῇ

57 895 60 900 -
130 845 278 930 μετρῶν,
303 841 344 911 οὐ
366 842 458 932 τύχηι
1175 865 1190 908 ο

221 951 279 1017 XI.
312 947 363 1018 Οὐ
387 949 496 1038 μόνον
519 949 549 1017 δ’
573 951 610 1019 ἐν
629 949 713 1040 αὐτῇ
732 953 772 1040 τῇ
795 950 890 1019 πόλει
907 947 946 1018 τὸ
966 947 1149 1036 δημοτικὸν

130 1053 199 1123 ὑπὸ
222 1053 285 1142 την
308 1063 516 1145 προστασίαν
537 1067 606 1127 τῶν
623 1063 808 1145 πατρικίων
830 1050 885 1145 ἦν,
904 1055 1060 1126 ἀλλὰκαὶ
1079 1059 1149 1124 τῶν

131 1159 286 1230 ἀποίκων
317 1160 421 1251 αὐτῆς
451 1163 584 1242 πόλεων
620 1163 676 1232 καὶ
705 1167 774 1233 τῶν
808 1165 861 1233 ἐπὶ
893 1167 1063 1253 συμμαχίη
1093 1162 1150 1230 καὶ

131 1273 230 1358 φιλίᾳ
253 1273 521 1354 προσελθουσῶν
543 1271 599 1338 καὶ
626 1273 695 1338 τῶν
723 1272 758 1338 ἐκ
781 1272 930 1358 πολέμου
952 1271 1150 1358 κεκρατημέ-

131 1399 205 1442 νων
230 1374 350 1462 ἑκάστη
374 1375 526 1463 φύλακας
548 1373 615 1464 εἶχε
633 1376 689 1444 καὶ
708 1375 896 1464 προστάτας
914 1372 974 1457 οὓς
992 1375 1149 1464 ἐβούλετο
1164 1399 1192 1440 ιο

129 1477 314 1568 Ῥωμαίων.
349 1483 405 1550 καὶ
423 1482 583 1563 πολλάκις
601 1479 621 1570 ἡ
636 1480 743 1570 βουλὴ
762 1480 802 1550 τά
822 1484 857 1550 ἐκ
878 1482 1008 1552 τούτων
1027 1481 1150 1570 ἀμφισ-

131 1586 309 1675 βητήματα
337 1593 406 1658 τῶν
434 1587 566 1658 πόλεων
593 1590 649 1656 καί
678 1591 792 1658 ἐθνῶν
816 1591 869 1658 ἐπί
892 1587 972 1670 τοὺς
994 1607 1150 1679 προῖστα-
1248 1601 1251 1606 ’

133 1695 259 1780 μένους
288 1692 402 1764 αὐτῶν
435 1693 701 1780 ἀποστέλλουσα,
735 1693 776 1764 τδι
803 1692 860 1764 ὑπ’
887 1698 1025 1764 ἐκείνων
1059 1699 1150 1764 δικα·

133 1802 264 1869 σθέντα
294 1801 394 1890 κύρια
426 1799 547 1889 ἡγεῖτο.
603 1799 691 1870 οὕτω
724 1801 762 1870 δὲ
794 1800 860 1891 ἄρα
890 1803 1027 1888 βέβαιος
1055 1793 1100 1888 ἦν
1127 1799 1192 1888 ἡ2

129 1903 306 1995 Ῥωμαίων
334 1904 478 1995 ὁμόνοια
509 1906 572 1996 τὴν
600 1905 706 1996 ἀρχὴν
735 1911 861 1977 ἐκτῶν
893 1905 958 1978 ὑπὸ
976 1905 1152 1994 Ῥωμύλον
1166 1940 1193 1981 τε

133 2017 479 2084 κατασκευασθέντων
502 2019 654 2102 λαβοῦσα
677 2018 786 2100 ἐθῶν,
812 2013 896 2083 ὥστε
920 2011 1080 2082 οὐδέποτε
1104 2015 1149 2080 δι’

135 2125 276 2210 αἵματος
296 2121 353 2190 καὶ
376 2121 489 2209 φόνου
511 2127 573 2191 τοῦ
590 2120 662 2190 κατ’
684 2120 840 2209 άλλήλων
859 2119 1034 2210 ἐχάρησαν
1057 2118 1153 2199 ἐντὸς

135 2231 320 2311 ἑξακοσίων
347 2229 403 2296 καί
430 2228 610 2318 τριάκοντα
634 2231 734 2314 ἐτῶν,
761 2231 896 2297 πολλῶν
919 2229 975 2296 καί
997 2225 1152 2315 μεγάλων

135 2334 447 2424 ἀμφισβητημάτων
475 2339 670 2423 γενομένων
701 2341 747 2428 τῷ
777 2334 871 2427 δήμῳ
899 2332 983 2424 πρὸς
1009 2331 1088 2414 τοὺς
1115 2335 1152 2401 ἐν

134 2443 223 2512 τέλει
250 2443 326 2530 περὶ
352 2446 421 2510 τῶν
448 2447 591 2529 κοινῶν,
615 2440 661 2522 ὡς
689 2445 727 2511 ἐν
755 2440 898 2521 ἁπάσαις
928 2448 1022 2527 φιλεῖ
1041 2445 1152 2527 μίμνε·
1166 2471 1193 2512 το

136 2558 221 2617 σθαι
245 2562 377 2636 μικραῖς
398 2573 434 2617 τε
460 2550 517 2616 καὶ
541 2548 700 2636 μεγάλαις
721 2549 874 2618 πόλεσιν·
906 2545 991 2616 άλλδι
1013 2549 1194 2616 πείθου-3

79 2675 195 2735 τοοτες
217 2656 273 2723 καὶ
293 2654 512 2736 διδάσκοντες
534 2653 702 2744 ἀλλήλους
719 2657 775 2726 καὶ
792 2654 833 2725 τὰ
852 2655 914 2743 μὲν
938 2663 1094 2740 εῖκουτες,
1111 2652 1153 2722 τά

107 2763 116 2773 '
137 2762 177 2831 δὲ
190 2760 272 2851 ’παρ’
290 2761 451 2832 εἰκόντων
465 2763 705 2850 λαμβάνοντες,
719 2761 890 2842 πολιτικὰς
903 2763 1082 2830 ἐποιοῦντο
1096 2759 1155 2840 τὰς

135 2874 205 2939 τῶν
230 2869 445 2957 ἐγκλημάτων
470 2869 659 2950 διαλύσεις,
694 2871 727 2951 ἐξ
752 2861 793 2937 οὖ
817 2868 854 2937 δὲ
877 2867 980 2948 Γάιος
1003 2866 1155 2954 Γράκχος

137 2978 192 3046 ἐπὶ
214 2981 273 3064 τῆς
296 2979 503 3064 δημαρχικῆς
523 2978 677 3058 ἐξουσίας
694 2975 878 3063 γενόμενος
897 2977 1072 3062 διέφθειρε
1090 2972 1152 3060 τὴν
1167 3010 1195 3052 25

136 3087 200 3153 τοῦ
223 3081 465 3170 πολιτεύματος
492 3080 675 3171 ἁρμονίαν,
706 3080 818 3152 οὐκέτι
841 3083 1027 3150 πέπαυνται
1051 3078 1154 3167 σφάτ-

211 3321 227 3369 δ
252 3309 389 3385 ἐμέτρουν
414 3311 503 3369 Cobet
524 3314 543 3369 l.
557 3314 576 3368 1.
610 3313 718 3385 μετρῶν
741 3315 767 3368 R
798 3309 899 3383 μέτρον
922 3311 945 3365 Β
1029 3311 1156 3380 8..τῆς

136 3382 250 3441 πόλεων
272 3385 318 3441 Bb
410 3391 443 3440 13
469 3380 659 3440 άπαστείλασα
682 3401 705 3439 ο.
724 3385 827 3440 Roiske
918 3388 951 3438 22
976 3375 1092 3444 ἑκόντες
1108 3382 1155 3437 Bb

137 3465 175 3584 {i
194 3453 319 3598 ξἰἑηηηοχχ
333 3455 371 3582 Β,
391 3473 461 3512 corr.
476 3457 577 3512 Roiske
594 3457 598 3524 Ι
616 3451 733 3511 ἐποίουν
752 3453 937 3525 c.,Kie!sling
961 3449 1112 3510 ἐποιοῦντο
1131 3451 1154 3508 Ο
