2682 3982
555 239 719 292 ..Β-

129 397 371 484 γεγενημένην,
399 395 459 466 ἐάν
487 395 532 485 μὴ
559 396 642 466 κατὰ
669 395 749 478 τοὺς
778 396 889 486 ίεροῦς
917 398 999 488 δόξη
1021 405 1142 490 πεπρᾶ-

129 512 211 590 χθαι
239 501 381 590 νόμους,
409 501 561 591 ἀκυροῦν
591 505 647 572 καὶ
674 502 733 584 τὰς
765 508 834 574 τῶν
862 509 1056 594 στρατηγῶν
1083 531 1144 576 πα-

129 614 307 698 ρανομίας,
340 607 417 678 ὅσαι
448 614 529 698 περί
555 637 591 680 τε
620 608 743 699 ὅρκους
772 611 829 679 καὶ
862 612 1013 694 σπονδὰς
1041 615 1144 683 ἐπιτε-

127 720 283 802 λοῦνται,
308 715 592 802 διαγινώσκοντας
614 713 856 805 ἀφοσιοῦσδαι,
884 719 961 806 περὶ
989 710 1037 788 ὦν
1060 720 1143 790 κατδι
1263 761 1269 772 -
1335 771 1336 780 ι

127 822 208 903 τοῦς
235 827 380 902 οἰκείους
405 821 546 911 καιρούς
571 822 753 910 ποιήσομαι
780 849 843 892 τον
871 824 984 914 λόγον.
1034 825 1075 896 τά
1106 793 1178 921 δέῗ

127 931 202 1019 περὶ
225 927 284 1010 τάς
307 931 538 1018 ἐπικηρυκείας
564 927 621 998 ὑπ’
647 927 761 998 αύτιόυ
791 930 971 1019 γινόμενα,
999 931 1054 1002 ὅτε
1081 933 1143 1022 τὴν

129 1035 277 1119 δόξασαν
300 1032 430 1105 ἀδικεῖν
448 1035 549 1104 πόλιν
572 1039 699 1105 αίτολεν
723 1041 817 1118 δίκας
838 1035 950 1128 (ἀξιον
969 1038 1143 1128 γάρμηδὲ

71 1141 226 1238 εενιταῦί
252 1140 390 1230 ἀγνοείν
412 1140 495 1211 κατὰ
518 1141 647 1230 πολλὴν
670 1147 837 1231 φροντίδα
861 1149 931 1214 τάν
960 1142 1065 1216 ὁσίαν
1087 1148 1143 1216 καὶ

128 1255 268 1319 δικαίαν
286 1247 462 1337 γινόμενα)
481 1254 619 1320 τοιαῦτα
637 1251 843 1339 παρέλαβον·
868 1248 915 1333 εἷς
933 1251 996 1342 μὲν
1020 1255 1056 1322 ἐκ
1073 1256 1142 1323 ταῖν

127 1359 366 1444 εἰρηνοδικῶν,
395 1351 436 1424 δυ
464 1359 500 1424 οί
525 1357 636 1426 λοιποί
668 1364 955 1447 προχειρίσαιντο,
982 1380 1143 1449 κεκοσμη-
1157 1385 1184 1426 ιο

126 1464 227 1551 με’νος
254 1464 372 1550 ἐσθῆτι
398 1463 454 1532 καὶ
483 1461 677 1552 φορήμασιν
701 1468 819 1554 ἱεροῖς,
848 1469 906 1534 ἵνα
933 1465 1094 1554 διάδηλος
1120 1461 1142 1556 ᾖ

126 1569 216 1658 παρά
245 1565 325 1650 τοῦς
352 1568 490 1656 ἀλλους,
520 1574 567 1651 είς
593 1569 656 1657 τὴν
683 1576 752 1640 τάν
775 1570 987 1642 ἀδικούντων
1009 1581 1142 1661 παρεγί-

126 1703 203 1746 νετο
221 1676 347 1746 πόλιν·
380 1676 513 1757 ἐπιστὰς
542 1677 580 1745 δὲ
606 1691 678 1757 τοις
705 1675 812 1765 ὁρίοις
838 1677 899 1748 τόν
926 1705 961 1748 τε
990 1686 1059 1748 Δία
1086 1681 1142 1748 καὶ

126 1781 205 1864 τοῦς
228 1781 351 1864 ἄλλους
374 1785 561 1852 ἐπεκαλεῖτο
579 1781 684 1864 θεοὺς
702 1784 954 1874 μαρτυρόμενος
973 1784 1024 1854 ὅτι
1048 1789 1142 1867 δίκας

7 1915 13 1928 “
127 1894 230 1958 αίτεῦυ
252 1887 325 1978 ἥκει
347 1891 423 1976 περὶ
445 1894 503 1977 τῆς
521 1887 694 1978 Ῥωμαίων
715 1892 855 1972 πόλεως·
880 1897 991 1962 ἔπειτα
1015 1867 1175 1980 ὀμόσας7

1156 1953 1182 1994 15

127 1994 178 2064 ὅτι
205 1991 288 2086 πρὸς
315 1995 499 2066 ἀδικοῦσαν
527 2001 657 2085 ἔρχεται
684 1997 785 2067 πόλιν
812 1999 867 2067 καὶ
896 1997 980 2089 ἀράς
1005 1997 1069 2081 τὰς
1085 2025 1141 2088 με-

125 2109 240 2190 γίστας
271 2109 302 2172 εί
332 2103 492 2186 ψεύδοιτο
525 2105 777 2193 ἐπαρασάμενος
809 2106 915 2199 ἑαυτῷ
949 2131 984 2175 τε
1014 2107 1070 2174 καὶ
1100 2109 1140 2196 τῇ
1187 2161 1193 2172 .

120 2207 248 2300 Ῥύμη,
272 2207 342 2279 τότ’
368 2209 462 2292 ἐντὸς
489 2210 541 2301 ᾔει
568 2215 637 2280 τῶν
660 2209 763 2302 ὅροιν·
797 2216 908 2282 ἔπειτα
931 2210 997 2305 ὅτφ
1020 2214 1140 2306 πρύτφ

124 2317 296 2406 περιτύχοι
318 2321 440 2386 τοῦτον
459 2319 777 2407 ἐπιμαρτυράμενος,
796 2327 862 2388 εἴτε
879 2321 948 2388 τιῦν
971 2317 1140 2407 ἀγροίκων

125 2433 190 2493 εἴτε
212 2427 280 2493 τῶν
302 2429 484 2494 πολιτικῶν
503 2434 566 2513 εἴη,
589 2426 645 2494 καὶ
668 2424 727 2506 τὰς
744 2423 848 2507 αὐτάς
870 2425 1034 2514 προσθεὶς
1056 2423 1140 2516 ἀράς
1154 2451 1181 2494 ιο

123 2529 208 2620 πρὸς
230 2529 293 2616 τὴν
315 2530 415 2599 πόλιν
438 2529 552 2624 ᾤχετο,
575 2526 659 2624 κᾷτα
676 2534 758 2621 πρὶν
780 2537 827 2614 είς
849 2531 913 2620 τὴν
935 2533 1037 2602 πόλιν
1059 2557 1141 2620 παρ-

125 2645 240 2705 ελθεῖν
266 2637 328 2705 τὸν
356 2639 515 2726 πυλωρὸν
541 2635 562 2726 ἢ
590 2640 650 2708 τὸν
676 2643 811 2728 πρῶτον
840 2638 1080 2728 ἀπαντήσαντα
1103 2643 1140 2709 ἐν

99 2757 196 2836 ,ταῖς
222 2742 342 2823 πύλαις
367 2743 429 2813 τὸν
462 2743 567 2814 αὐτὸν
597 2746 725 2834 τρόπον
755 2746 1065 2836 ἐπιμαρτυράμενος
1092 2752 1140 2826 είς

123 2848 186 2938 τὴν
214 2849 342 2938 ἀγορὰν
369 2850 502 2940 προῄει·
535 2855 604 2921 ἐκεῖ
630 2852 677 2920 δέ.
695 2851 861 2935 καταστάς
888 2867 959 2934 τοῖς
986 2856 1024 2922 ἐν
1052 2855 1139 2922 τέλει

123 2957 198 3043 περὶ
223 2949 271 3025 ὧν
293 2954 369 3044 ἥκοι
398 2959 562 3046 διελέγετο
590 2963 739 3048 πανταχῇ
768 2960 850 3041 τούς
878 2987 914 3030 τε
937 2959 1059 3050 ῦρκους
1082 2961 1179 3026 καὶαι

123 3061 182 3142 τὰς
204 3061 288 3152 ἀρδις
310 3070 512 3153 προστιθείς.
558 3069 590 3132 εί
610 3065 671 3153 μὲν
695 3057 758 3135 οῦν
781 3064 937 3154 ὑπέχοιεν
959 3064 1019 3146 τάς
1042 3063 1173 3146 δίκας8

197 3220 326 3294 Ιπετιρά
342 3228 398 3279 δαι
416 3223 493 3279 ΑΒε
571 3219 695 3280 δῦτεΒ
719 3219 833 3281 ὅτανΙλ
913 3231 929 3280 9
952 3222 1137 3296 γενόμεναΒ

125 3299 158 3348 10
177 3245 471 3370 προχειρξθσαιντο
491 3295 513 3349 Β
592 3302 623 3350 11
644 3293 785 3366 διαδήλιος
802 3295 851 3352 Ba
929 3303 962 3352 14
981 3295 1136 3368 μαρτυρού-

124 3384 208 3434 μενος
222 3365 245 3418 Β
264 3363 475 3437 μαρτυρόμενος
489 3363 816 3438 d01.(}arrer0bs.p.55
833 3372 836 3438 λ
853 3370 935 3430 δίκας
950 3365 1079 3442 <αί>τδιν
1094 3369 1116 3422 Β
1129 3371 1132 3442 λ

122 3431 178 3508 ἥκη
196 3437 220 3490 Β
236 3440 240 3507 Ι
256 3439 333 3511 περὶ]
352 3435 424 3508 ὑπὲρ
442 3437 579 3506 Hermia,
595 3437 684 3494 Cobet
703 3439 820 3496 Reiskio
839 3443 967 3505 auct0r03
987 3440 1022 3494 of.
1041 3438 1136 3511 Tegge

125 3509 238 3576 Quaest.
258 3507 293 3562 de
311 3527 363 3564 usu
381 3527 475 3580 praep.
495 3528 522 3580 p.
544 3515 576 3565 11
596 3511 654 3565 not.

921 3599 976 3656 1⁷*
