2682 3982
560 241 723 294 -Β-
1081 245 1147 312 237

223 401 340 467 LVIII.
372 397 574 487 Ἑλκομένης
602 399 633 468 δ’
660 401 713 470 ἐπὶ
741 401 828 470 πολὺ
855 408 914 490 τῆς
942 411 1149 491 φιλονεικίας

133 509 351 587 τελευτῶντες
383 507 436 575 ἐπὶ
468 505 575 600 τούτῳ
604 511 796 595 συνέβησαν
823 514 868 604 τῷ
902 515 1036 602 δικαίῳ,
1066 511 1149 582 ὥστε

135 615 231 681 δυεῖν
253 612 417 700 θάτερον,
440 609 461 700 ἢ
484 611 563 694 τοὺς
586 617 833 704 πρεσβυτέρους
855 615 1039 703 βουλευτὰς
1068 615 1149 687 ἀπο-

135 722 241 802 δεῖξαι
263 721 403 806 βασιλέα
427 723 525 808 σφων
547 720 609 808 μὲν
638 719 751 790 αὐτῶν
774 725 917 809 μηδένα,
940 727 1009 792 τῶν
1033 722 1065 790 δ’
1092 722 1149 792 ἄλ-

134 834 204 894 λων
233 821 274 896 δν
302 823 346 895 δν
375 826 644 914 ἐπιτηδειότατον
672 823 760 896 εἶναι
787 833 990 917 νομίσωσιν,
1020 826 1041 918 ἢ
1069 830 1150 912 τοὺς
1176 859 1189 901 ι

77 935 325 1021 οοενεωτέρονς
346 931 385 1002 τὸ
405 931 486 1002 αὐτὸ
505 937 643 1022 ποιῆσαι
661 938 770 1003 τοῦτο.
808 937 962 1022 δέχονται
979 935 1041 1024 τήν
1061 939 1149 1027 αἵρε-

134 1057 191 1108 σιν
215 1043 251 1108 οί
270 1040 489 1130 πρεσβύτεροι
515 1041 571 1109 καὶ
601 1039 697 1110 πόλλ’
723 1043 776 1138 ἐπὶ
803 1047 901 1130 σφῶν
929 1040 1041 1112 αὐτῶν
1068 1048 1149 1129 βον-

134 1146 337 1234 λευσόμενοι
354 1144 428 1217 τόδ’
451 1151 617 1234 ἔγνωσαν·
641 1145 754 1236 ἐπειδὴ
772 1151 833 1236 τῆς
854 1147 1035 1237 ἡγεμονίας
1053 1147 1150 1220 αὐτοὶ

133 1250 217 1320 κατὰ
235 1251 295 1332 τὰς
308 1252 482 1340 συνθήκας
501 1252 736 1341 ἀπηλαύνοντο
751 1255 835 1343 μηδὲ
848 1260 917 1325 τόν
936 1254 1150 1326 ἐπεισελθόν-

133 1385 203 1428 των
231 1363 425 1446 βουλευτῶν
453 1360 574 1448 μηδενὶ
606 1369 809 1449 προσθεῖναι
835 1359 898 1450 τήν
926 1360 1049 1451 ἀρχήν,
1073 1359 1146 1460 ἀλλ’
1164 1391 1190 1430 ιο

134 1465 278 1536 ἐπακτόν
302 1493 378 1536 τινα
402 1468 529 1548 ἔξωθεν
549 1464 728 1556 ἅνδρακαὶ
747 1465 825 1554 μηδ’
852 1464 1026 1558 ὁποτέροις
1047 1486 1149 1558 προσ-

133 1572 346 1659 θησόμενον,
375 1568 420 1651 ὥς
446 1568 489 1640 ἂν
518 1571 660 1660 μάλιστα
683 1574 870 1660 ἐξαιρεθείη
898 1571 936 1641 τὸ
960 1572 1149 1660 στασιάζον,

134 1677 326 1764 ἐξευρόντες
353 1675 526 1760 ἀποδεῖξαι
553 1679 702 1764 βασιλέα.
750 1681 854 1746 ταῦτα
881 1678 1188 1766 βουλευσόμενοι2

133 1783 413 1874 προύχειρίσαντο
436 1781 547 1871 ἄνδρα
569 1784 691 1872 γένους
707 1782 769 1871 μδν
792 1787 855 1852 τοῦ
873 1788 1047 1870 Σαβίνων,
1070 1783 1148 1853 υίὸν

135 1891 173 1959 δέ
183 1897 377 1978 Πομπιλίου
386 1890 578 1977 Πόμπωνος
590 1887 716 1978 ἀνδρὸς
729 1892 915 1977 ἐπιφανοῦς
927 1887 1027 1974 [κατ’]
1039 1889 1148 1979 ὄνομα
1163 1921 1188 1961 ιι

134 1997 273 2085 Νόμαν,
298 1995 374 2086 [χρὴ
398 1997 436 2066 δέ
463 1995 526 2084 τήν
555 1999 716 2086 δευτέραν
745 1994 917 2084 συλλαβήν
941 1987 1149 2077 ἐκτείνοντας

134 2109 348 2191 βαρυτονεῖν]
377 2101 507 2191 ἡλικίας
534 2131 570 2175 τε
591 2108 651 2192 τῆς
678 2103 937 2191 φρονιμωτάτης
960 2102 1057 2189 ὄντα,
1079 2130 1146 2173 τετ-

134 2215 410 2294 ταρακονταετίας
431 2207 496 2296 γδιρ
520 2207 562 2278 οὐ
580 2207 667 2278 πολὺ
685 2207 809 2296 ἀπεῖχε,
831 2210 887 2277 καὶ
911 2206 1045 2291 ἀξιώσει
1068 2235 1148 2298 μορ

134 2319 201 2404 φής
223 2315 408 2402 βασιλικόν.
453 2307 498 2402 ἦν
527 2314 565 2383 δέ
592 2312 698 2384 αὐτοῦ
724 2317 780 2383 καὶ
806 2318 903 2396 κλέος
925 2316 1082 2404 μέγιστον
1107 2313 1183 2384 οό3

76 2420 228 2512 σοοπαρόι
246 2427 411 2512 Κυρίταις
432 2422 552 2509 μόνον,
576 2420 661 2490 ἀλλὰ
683 2422 739 2490 καὶ
762 2420 851 2510 παρὰ
872 2435 944 2502 τοῖς
966 2428 1148 2510 περιοίκοις
1162 2452 1188 2492 ιο

135 2531 187 2599 ἐπὶ
211 2535 323 2619 σοφίᾳ.
370 2525 415 2609 ὡς
438 2529 476 2597 δὲ
498 2526 588 2597 τοῦτ’
610 2530 725 2610 ἔδοξεν
748 2525 863 2608 αὐτοῖς
886 2532 1091 2615 συγκαλοῦσι
1109 2527 1148 2599 τὸ

134 2642 266 2724 πλῆθος
288 2641 336 2716 είς
359 2637 546 2722 ἐκκλησίαν,
565 2635 621 2703 καὶ
640 2631 822 2724 παρελθόν
844 2635 878 2716 ἐξ
899 2632 1011 2704 αὐτῶν
1033 2631 1047 2703 ἱ
1073 2635 1148 2705 τότε

134 2740 375 2832 μεσοβασιλεὺς
397 2739 499 2827 εἶπεν,
523 2739 575 2810 ὅτι
597 2744 696 2830 κοινῇ
721 2740 825 2822 δόξαν
848 2738 953 2809 ἅπασι
975 2755 1046 2822 τοῖς
1068 2747 1147 2828 βου-

53 2932 58 2942 Ι
134 2859 266 2930 λευταῖς
297 2846 474 2936 βασιλικήν
506 2848 779 2934 καταστήσασθαι
811 2852 999 2933 πολιτείαν,
1031 2846 1148 2932 κύριος

206 3082 322 3136 3δοεΐν
340 3081 364 3134 Β
382 3082 464 3134 δυοῖν
481 3080 508 3134 R
578 3075 668 3148 4μδν
690 3077 771 3146 σφόν
789 3076 836 3130 Ba
907 3081 923 3130 5
947 3077 1081 3146 νομίσωσι
1099 3075 1146 3147 B}

137 3147 227 3218 ἢοοι.
245 3152 291 3205 Ba
371 3157 387 3205 7
410 3145 490 3205 πολλ’
510 3152 535 3204 Α
561 3144 650 3203 πολλὰ
668 3149 695 3202 R
775 3141 883 3202 8τιίδε
902 3146 955 3201 ΑΒ
1036 3143 1147 3215 9μηδδ

134 3221 281 3292 Bficheler,
301 3221 424 3276 Sintenis
442 3221 503 3277 Em.
523 3221 605 3275 Dion.
624 3219 652 3272 ΙΙ
669 3236 697 3288 p.
717 3223 751 3272 29
770 3213 841 3287 μήγε
861 3219 886 3271 Α
908 3211 977 3286 μήτε
997 3217 1020 3270 Β
1041 3219 1045 3284 Ι
1065 3215 1148 3271 *τῶν

135 3289 379 3362 ἐπιβουλευόντων
394 3290 416 3346 Ο
436 3294 492 3346 τόν
510 3289 611 3346 νεωστί
643 3283 820 3344 σαλευόντων
835 3305 857 3342 ο.
874 3286 996 3342 Sintenis
1010 3287 1029 3342 L
1044 3287 1062 3341 l.
1082 3289 1149 3360 βου·

133 3363 241 3418 λευκόν
267 3380 289 3418 ο.
310 3363 450 3433 Kiessling
483 3358 587 3431 ἑτέρων
634 3359 774 3416 ουλεοτῶν
802 3376 825 3413 ο.
849 3356 950 3412 Garror
975 3356 1037 3414 Obs.
1066 3375 1094 3427 p.
1115 3363 1147 3412 71

136 3441 169 3488 15
188 3429 252 3488 κατ’
273 3434 327 3490 del.
350 3433 493 3504 Kiessling
570 3438 604 3488 16
629 3431 722 3500 κομᾶν
739 3433 764 3484 Α
788 3425 926 3515 γόμανΒ
956 3433 960 3494 Ι
991 3429 1078 3484 verba
1096 3424 1147 3500 χρὴ

134 3537 165 3548 ·-
180 3507 347 3577 βαρυτονεῖν
365 3505 420 3559 del.
439 3505 540 3559 Portus
613 3508 648 3556 22
666 3505 816 3570 προελδων
835 3518 859 3555 ο,
878 3500 1015 3555 Bfleheler
