2698 3982
146 393 349 482 3άγασθεὶς
381 393 418 461 δέ
449 391 528 474 τοὺς
559 390 765 479 ἀνθρώπους
793 397 852 480 τῆς
884 396 1075 481 φιλοξενίας
1100 391 1200 483 Ἡρα-

187 507 283 590 κλῆς,
305 500 366 571 τὸν
389 501 451 588 μὲν
476 503 585 587 δῆμον
614 499 758 569 ἑστιάσει
779 498 977 588 ὑποδέχεται
999 499 1110 580 θύσας
1131 503 1200 568 τῶν
1243 555 1251 572 .

187 614 279 697 βοῶν
302 635 396 688 τινας
418 608 474 676 καὶ
496 611 555 694 τῆς
584 605 687 694 άλλης
709 611 799 687 λείας
820 606 879 688 τάς
902 607 1041 686 δεκάτας
1063 606 1201 688 ἐξελών·

189 715 268 796 τούς
292 713 330 782 δέ
347 719 495 800 βασιλεῖς
514 711 606 804 χύρρι
623 717 728 803 πολλῇ
753 718 909 802 δωρεῖται
933 713 1070 799 Λιγύων
1089 741 1124 783 τε
1146 715 1202 782 καὶ

159 827 256 897 ττῶν
287 819 400 890 ἀλλων
431 825 643 909 προσοίκων,
675 811 716 906 ἧς
746 823 829 908 μέγα
862 823 1038 888 ἐποιοῦντο
1074 819 1202 910 ἄρχειν,

185 927 407 1018 παρανόμους
429 925 523 1006 τινάς
546 929 579 1008 έξ
601 924 703 1014 αὐτῆς
726 925 877 1013 ἐκβαλὼν
901 924 1114 1014 ἀνθρώπους.
1151 927 1202 994 λε’-

187 1064 280 1124 γεται
305 1034 342 1102 δὲ
364 1032 448 1120 πρὸς
470 1033 616 1119 τούτοις,
640 1031 686 1113 ὡς
707 1035 762 1102 καὶ
787 1035 904 1120 δέησίν
927 1059 1003 1102 τινα
1025 1032 1201 1120 ποιήσαιτο

186 1147 257 1212 των
290 1143 496 1228 ἐπιχωρίων,
529 1138 642 1227 ἐπειδὴ
674 1143 800 1226 πρῶτοι
831 1137 917 1208 θεὸν
949 1137 1053 1207 αύτὸν
1091 1139 1202 1227 ένόμι-
1256 1178 1259 1186 -

188 1269 270 1334 σαν,
294 1245 383 1327 ὅπως
406 1244 599 1325 ἀθανάτους
629 1244 717 1338 αύτῷ
742 1245 992 1333 διαφυλάττωσι
1013 1243 1073 1325 τάς
1095 1244 1202 1333 τιμάς,

148 1386 174 1426 ιο
188 1355 335 1434 θύοντες
362 1353 424 1442 μέν
457 1351 561 1438 άζυγα
589 1351 734 1439 δάμαλιν
761 1350 827 1420 ἀνά
854 1355 921 1420 πᾶν
945 1357 1028 1436 έτος,
1051 1349 1202 1438 ἁγιστεύ-

189 1489 286 1542 οντες
314 1460 352 1528 δὶ
374 1458 437 1547 τὴν
465 1463 659 1547 ἱερουργίαν
687 1464 803 1526 ἔθεσιν
821 1457 1046 1545 Ἑλληνικοῖς·
1079 1460 1134 1526 καὶ
1158 1455 1202 1538 ὦς

189 1568 357 1650 διδάξειεν
385 1565 507 1646 αὐτοὺς
536 1565 595 1646 τάς
621 1569 765 1650 θυσίας,
793 1568 850 1633 ἵνα
879 1563 935 1632 διὰ
957 1563 1082 1645 παντὸς
1112 1563 1201 1656 αύτῷ

190 1676 411 1763 κεχαρισμένα
433 1673 576 1760 θύοιεν,
596 1681 710 1752 οἱκους
729 1671 791 1740 δύο
814 1676 884 1741 τῶν
904 1673 1078 1758 ἐπιφανῶν
1097 1695 1202 1757 παρα-

147 1793 170 1858 4
189 1780 312 1869 λαβών.
353 1778 441 1848 εἶναι
464 1779 502 1847 δὲ
524 1778 603 1859 τοὺς
625 1779 799 1867 μαθόντας
820 1777 894 1848 τότε
922 1777 984 1865 τὴν
1001 1776 1202 1866 Ἑλληνικὴν

148 1915 174 1957 15
189 1892 384 1977 ἱερουργίαν
399 1893 580 1966 Ποτιτίους
593 1913 629 1955 τε
643 1887 698 1954 καὶ
714 1891 912 1974 Πιναρίους,
927 1883 985 1970 ἀφ’
1003 1876 1052 1952 ὧν
1067 1883 1202 1972 τὰγένη

128 1987 132 1996 ’
189 1999 359 2084 διαμεῖναι
396 1995 491 2080 μέχρι
527 1998 654 2062 πολλοῦ
695 1992 760 2080 τὴν
794 1993 982 2079 ἐπιμέλειαν
1010 1991 1197 2079 ποιούμενα
1206 2016 1256 2065 103

186 2105 256 2170 τῶν
278 2103 433 2185 θυσιῶν,
463 2096 508 2178 ὣς
531 2102 657 2179 ἐκεῖνος
678 2099 920 2185 κατεστήσατο,
947 2103 1117 2167 Ποτιτίων
1141 2098 1203 2186 μὲν

187 2205 391 2294 ἡγουμένων
414 2210 472 2292 τῆς
496 2209 686 2293 ἱερουργίας
707 2205 762 2274 καὶ
785 2207 853 2273 τῶν
877 2204 1034 2294 ἐμπύρων
1058 2202 1203 2294 ἀπαρχο-

190 2316 318 2400 μένων,
342 2316 520 2398 Πιναρίων
545 2311 583 2379 δὲ
606 2311 807 2399 σπλάγχνων
830 2337 865 2379 τε
895 2316 1072 2398 μετουσίας
1095 2316 1203 2398 είργο-

148 2443 175 2484 εο
193 2421 306 2507 μένων
342 2418 397 2484 καὶ
435 2415 498 2485 ὅσα
526 2416 619 2486 ,ἀλλα
654 2421 756 2507 έχρῆν
787 2415 844 2487 ὑπ’
880 2416 1008 2506 ἀμφοῖν
1045 2421 1203 2503 γίνεσθαι

188 2522 251 2610 τὴν
278 2525 438 2610 δευτέραν
457 2522 557 2611 τιμὴν
577 2523 733 2611 ἐχόντων.
760 2523 885 2612 ταύτην
906 2523 943 2591 δὲ
966 2522 1079 2603 αύτοίς
1101 2543 1203 2612 προσ-

188 2633 332 2716 τεθῆναι
363 2627 425 2716 τὴν
458 2628 595 2717 ἀτιμίαν
627 2629 754 2718 ὀψίμου
785 2634 844 2718 τῆς
874 2635 1059 2718 παρουσίας
1096 2631 1203 2716 ἕνεκα,

189 2733 303 2822 ἐπειδὴ
343 2737 451 2804 ἕωθεν
490 2736 604 2817 αὐτοῖς
635 2736 818 2806 κελευσθὲν
852 2734 947 2823 ἥκειν
980 2737 1204 2823 ἐσπλαγχνευ-

148 2849 170 2917 5
190 2844 303 2931 μένων
331 2840 396 2929 ἤδη
424 2846 493 2912 τάν
521 2847 622 2931 ἱεράν
650 2842 823 2931 ἀφίκοντο.
865 2846 930 2911 νῦν
954 2843 1068 2930 μέντοι
1093 2841 1204 2913 ούκέτι

149 2974 175 3016 νε
188 2961 260 3030 τοϊς
287 2951 399 3035 γένεσι
425 2949 557 3030 τούτοις
583 2948 604 3037 ἡ
631 2952 706 3039 περὶ
732 2948 791 3030 τάς
818 2953 1009 3036 ἱερουργίας
1036 2950 1206 3037 ἐπιμέλεια

188 3054 372 3140 ἀνάκειται,
395 3053 480 3124 ἀλλά
503 3061 619 3137 παῖδες
642 3059 677 3125 έκ
700 3060 761 3125 τοῦ
780 3059 947 3142 δημοσίου
970 3053 1093 3141 ύνητοὶ
1117 3059 1204 3142 δρω-

261 3211 433 3270 Manem
452 3215 505 3270 AB
524 3231 592 3272 corr.
612 3215 733 3286 Sylburg
804 3209 1011 3283 σάνθράτιους
1030 3232 1084 3270 om
1103 3211 1189 3284 Αάρ

189 3305 292 3373 γοντας
310 3286 356 3342 vel
373 3285 432 3340 tale
451 3286 561 3372 quido.
581 3285 704 3342 Sintenis
722 3287 782 3341 Em
798 3285 879 3342 Dion.
895 3285 979 3373 ΠΙμς
1000 3291 1014 3338 '1
1090 3282 1156 3340 10‘
1141 3305 1204 3356 αγι·

189 3352 338 3418 στεύοντες
355 3358 381 3410 Α
407 3353 632 3420 πιστεύοντεςΒ
705 3364 736 3412 12
761 3351 867 3419 αύτούς
890 3357 912 3412 Ο
943 3351 1029 3418 αύτδς
1057 3373 1080 3412 ο
1099 3357 1204 3412 Reiske
1248 3358 1251 3364 ’

191 3423 503 3498 13παραλαβδνοω.Β
540 3429 692 3498 θο*χρῆν9
729 3427 988 3515 21προςτιθέναιΒ
1028 3428 1205 3484 λθεὶνεκαΒ

191 3499 312 3556 {veum
384 3503 418 3552 23
438 3498 768 3570 σκλαγγυενσαμένωνΒ
841 3505 875 3553 24
895 3494 1040 3568 ἕτὲρωνυ.
1060 3497 1205 3570 Kiessling
