2698 3982
183 179 225 242 72
608 184 774 236 -A-

247 341 429 408 XXXXVI.
464 337 567 408 Ἰλίου
593 343 821 428 κρατηθέντος
851 339 908 410 ὑπ’
941 341 1098 430 Ἀχαιῶν,
1130 350 1195 410 εἰτε

180 449 241 515 τοῦ
265 449 424 536 δουρείου
446 449 551 514 ἵππου
573 450 613 535 τῇ
639 445 762 535 άπάτχ,
790 444 835 526 ὦς
851 445 981 542 Ὁμήρφ
1009 454 1196 535 πεποίηται,

181 562 245 622 εῖτε
268 557 308 642 τῇ
336 557 502 643 προδοσίᾳ
530 557 598 622 τῦν
618 552 867 642 Ἀντηνοριδῶν
895 564 960 624 εῖτε
984 553 1093 634 άλλως
1114 579 1194 640 πως,

180 659 217 730 τὸ
241 659 303 748 μὲν
322 659 404 728 άλλο
423 663 555 746 πλῆθος
574 662 611 728 ἐν
629 665 669 749 τῇ
688 659 784 728 πόλει
807 661 957 749 Τρωικόν
981 687 1016 730 τε
1039 663 1094 730 καὶ
1114 681 1193 748 συμ

153 764 323 854 ὅμαχικόν
355 769 392 835 ἐν
424 781 497 847 ταῖς
528 765 645 846 εὐναῖς
672 773 720 836 ἐτι
747 766 1088 854 καταλαμβανόμενον
1119 769 1192 854 ἐφο-

181 875 297 942 νεύετο
320 871 463 962 (νυκτὸς
490 871 555 961 γάρ
584 871 625 960 δὴ
649 872 687 942 τὸ
713 872 829 942 δεινὸν
852 871 1059 961 ἀφυλάκτοις
1081 871 1194 952 αὐτοῖς

180 983 353 1067 ἐπιστῆναι
377 983 511 1068 ἔοικεν),
534 985 673 1062 Αἰνείας
704 981 742 1049 δὲ
764 981 821 1048 καί
853 983 888 1048 οἰ
908 979 972 1048 σῦν
996 981 1086 1071 αὐτῷ
1109 1003 1193 1066 παρ-

180 1086 274 1166 όντες
307 1084 462 1156 Ἰλιεῦσιν
498 1089 671 1174 ἐπίκουροι
712 1091 822 1174 Τρῦες
862 1089 898 1154 ἐκ
935 1085 1123 1173 Δαρδάνου
1158 1111 1194 1154 τε

179 1191 308 1272 πόλεως
334 1193 390 1260 καί
415 1190 600 1279 Ὀφρυνίου
627 1197 695 1261 τῶν
723 1219 758 1262 τε
786 1191 899 1260 άλλων
927 1191 1002 1261 ὅσοι
1026 1196 1084 1280 τῆς
1105 1191 1193 1260 κάτω
1271 1199 1275 1210 ’

141 1318 166 1358 10
179 1299 307 1380 πόλεως
338 1297 559 1387 ἁλισκομένης
592 1304 748 1385 ἔφθασαν
785 1305 948 1386 αίσθησιν
984 1303 1045 1368 τοῦ
1079 1300 1195 1366 δεινοῦ

180 1411 311 1492 λαβεῖν,
338 1407 394 1475 ἐπὶ
421 1403 461 1474 τά
489 1404 631 1494 καρτερά
659 1409 721 1474 τοῦ
747 1405 933 1494 Περγάμου
960 1406 1194 1495 συμφυγόντες

179 1510 241 1598 τὴν
274 1511 458 1600 ἀκρόπολιν
491 1516 568 1604 ἰδίφ
604 1517 703 1599 τείχει
736 1515 998 1600 φρουρουμένην
1030 1521 1194 1600 καταλαμ-

180 1617 358 1704 βάνονται,
387 1621 424 1687 ἐν
451 1610 473 1707 ᾖ
497 1622 553 1688 καὶ
577 1617 649 1706 ίερά
677 1617 718 1686 τῦ
740 1629 876 1710 πατρῷα
898 1633 969 1699 τοῖς
996 1620 1127 1704 Τρωσίν
1150 1611 1195 1704 ἦν

180 1726 235 1793 καλ
263 1725 441 1815 χρημάτων
465 1722 483 1793 ὁ
507 1723 612 1806 πολῦς
639 1729 798 1812 πλοῦτος,
827 1720 882 1794 οἷα
906 1723 994 1805 εἰκὸς
1016 1728 1053 1794 ἐν
1075 1727 1196 1816 ἐχυρῷ,

142 1883 167 1924 16
180 1833 236 1900 καὶ
258 1836 320 1902 τοῦ
348 1837 587 1922 στρατιωτικοῦ
609 1831 647 1902 τὸ
670 1832 867 1918 κράτιστον·
901 1837 987 1900 ἔνθα
1010 1829 1196 1920 ὑπομένον-

179 1965 232 2019 τες
273 1937 500 2026 ἀπεκρούοντο
535 1937 615 2020 τοῦς
650 1942 880 2027 πειρωμένους
915 1941 1102 2025 ἐπιβαίνειν
1138 1941 1196 2024 τῆς

179 2045 283 2132 άκρας
313 2047 369 2114 καί
400 2045 438 2114 τὸ
473 2050 652 2114 διαπῖπτον
684 2043 749 2114 ὑπὸ
777 2049 836 2132 τῆς
867 2043 1025 2125 ἁλάσεως
1059 2049 1251 2132 πλῆθος115
1298 2103 1304 2118 ,

180 2155 333 2242 ἐμπειρίᾳ
374 2157 556 2222 στενωπῶν
597 2150 803 2232 ὑποθέοντες
843 2151 1099 2240 ἀνελάμβανον·
1139 2151 1196 2218 καὶ

180 2261 310 2346 ἐγένετο
334 2263 395 2326 τοῦ
418 2260 694 2344 καταληφθέντος
716 2265 833 2327 πλεῖον
855 2257 894 2326 τὸ
919 2258 1100 2346 διαφυγόν.
1131 2254 1194 2344 τὴν

139 2391 167 2430 εο
182 2365 244 2452 μὲν
273 2363 315 2451 δὴ
344 2361 463 2432 αὐτίκα
491 2362 599 2453 ὁρμὴν
627 2369 696 2434 τάν
719 2369 905 2452 πολεμίων,
928 2361 971 2452 ἣν
995 2363 1087 2452 εἰχον
1110 2361 1195 2450 ὅλην

181 2469 429 2558 διαχρήσασθαι
456 2467 519 2557 τὴν
546 2470 667 2558 πόλιν,
694 2471 750 2540 καί
777 2470 815 2540 τὸ
843 2469 887 2560 μὴ
910 2477 978 2540 πᾶν
1002 2473 1036 2554 ἐξ
1065 2469 1195 2558 ἐφόδου

178 2581 439 2664 καταληφθῆναι
467 2574 504 2646 τὸ
533 2575 618 2645 άστυ
646 2581 744 2648 τοῦτο
771 2577 810 2646 τὸ
837 2577 1017 2666 μηχάνημα
1049 2575 1194 2664 ἐξευρὼν

179 2688 318 2762 Αἰνείας
341 2685 463 2770 ἐπέσχε.
493 2682 656 2770 λογισμὸν
677 2684 715 2752 δέ
732 2682 792 2752 τὸν
811 2683 923 2754 εἰκότα
944 2686 1021 2771 περὶ
1039 2688 1101 2752 τοῦ
1119 2685 1194 2770 μέλ-

178 2797 298 2868 λοντος
326 2789 529 2876 λαμβάνων,
558 2787 604 2870 ὥς
633 2789 808 2878 ἀμήχανον
840 2800 891 2878 εἰη
921 2796 1057 2880 πρᾶγμα
1087 2793 1194 2858 σῦσαι

142 2895 291 2981 ειπόλιυ,
313 2886 353 2982 ἧς
375 2893 416 2963 τά
438 2901 540 2964 πλείω
563 2895 628 2983 ἤδη
653 2899 834 2985 ἐκρατεῖτο,
858 2902 905 2978 εἰς
927 2902 1014 2966 νοῦν
1037 2895 1195 2982 βάλλεται

178 3005 239 3070 τοῦ
262 3000 323 3088 μὲν
346 3005 476 3088 τείχους
505 3002 632 3090 ἐρήμου
655 3007 895 3092 παραχωρῆσαι
918 3017 989 3084 τοῖς
1011 3008 1192 3091 πολεμίοις,

251 3156 342 3216 Ιῦπὸ
366 3162 389 3214 Β
480 3167 496 3216 2
521 3163 663 3231 δορίουΑ
693 3163 698 3231 Ι
729 3157 886 3230 δεδήλωται
904 3163 950 3218 Ba
977 3159 1019 3251 χῤ.
1043 3163 1196 3230 πεποίηται

178 3233 259 3302 Bmg
348 3233 417 3303 3τῆ
440 3249 494 3288 om
512 3234 536 3287 B
627 3240 643 3289 8
668 3231 768 3288 ἰλιεθσι
791 3234 836 3288 Ba
935 3236 1130 3319 9οφρννείον
1149 3233 1197 3287 Ba,

215 3308 248 3357 15
269 3253 416 3358 ἐνόθαΒη
473 3309 505 3358 17
525 3298 750 3360 άπδο.1δοὶε]ῐο
823 3311 857 3359 18
876 3300 1075 3389 άνελάμβανον
1093 3303 1197 3374 Pflugk

179 3368 381 3500 ἀπελάμβανον
400 3375 452 3428 ΑΒ
532 3381 565 3428 19
594 3373 838 3443 καταλειφθεντος
865 3377 912 3430 Βε.
936 3379 940 3444 Ι
966 3377 1124 3445 διαφεῦγον
1148 3375 1196 3428 Βα

214 3452 249 3500 26
284 3463 481 3514 κεκρατητοο.
502 3444 591 3500 Cobet
610 3446 676 3502 Obs.
696 3465 724 3516 p.
744 3450 778 3500 30
851 3453 886 3502 26
904 3449 1056 3517 πολεμίους
1073 3448 1099 3500 Α
