2698 3982
204 225 247 292 60
629 231 795 280 -Α-

202 384 262 456 τὸν
298 386 407 474 νόμον
445 391 501 473 τῆς
536 393 661 466 θυσίας
691 389 904 474 βουληθέντα
935 386 996 455 τόν
1018 375 1067 456 ’τε
1099 386 1216 475 βωμὸν

203 490 406 579 ἱδρύσασθαι
440 492 501 562 τὸν
529 494 580 562 ἐπὶ
606 497 651 585 τῷ
680 499 880 584 Σατουρνίῳ
903 494 959 561 καὶ
985 491 1215 582 κατάρξασθαι

202 599 366 686 θυμάτων
398 597 513 686 άγνῶν
546 601 597 668 έπὶ
627 603 767 693 καθαρῷ
794 601 875 688 πυρὶ
905 597 1127 688 ἁγιζομένων,
1159 603 1217 670 ἵνα

204 704 241 773 δὲ
267 705 373 794 μηδὲν
398 716 449 793 είη
477 720 547 786 τοῖς
576 705 771 795 ἀνθρώποις
794 707 974 796 ἐνθύμιον,
998 703 1043 786 ῶς
1065 713 1215 795 πατρίων

175 810 385 900 εήλογχκόσι
411 817 562 898 θυσιῶν,
590 813 723 894 διδάξαι
750 813 829 894 τοὺς
856 815 1054 901 ἐπιχωρίους
1080 811 1216 900 άπομει·

202 922 418 1007 λιττομένους
439 918 501 1007 τὴν
523 923 585 988 τοῦ
598 923 684 988 θεοῦ
707 924 811 1008 μῆνιν
829 917 904 989 ἀντὶ
918 924 986 988 τῶν
1010 918 1215 1008 ἀνθρώπων,

204 1021 263 1106 οῦς
290 1029 549 1113 συμποδίζοντες
575 1027 631 1094 καλ
657 1031 725 1095 τῶν
753 1031 875 1115 χειρῶν
903 1024 1055 1116 ἀκρατεῖς
1076 1031 1215 1096 ποιοῦν-

202 1159 256 1212 τες
283 1134 462 1220 ἐρρίπτουν
490 1137 538 1213 είς
563 1132 601 1202 τὸ
628 1137 689 1202 τοῦ
721 1136 876 1221 Τεβέριος
902 1137 1059 1223 ῥεῖθρον,
1091 1137 1214 1203 είδωλα

202 1242 384 1319 ποιοῦντας
414 1237 611 1326 ἀνδρείκελα
642 1228 872 1327 κεκοσμημένα
903 1238 963 1310 τὸν
996 1239 1100 1310 αι’ντὸν
1133 1241 1213 1308 ἐκεί-

163 1371 190 1412 ιο
203 1372 276 1425 νοις
302 1345 429 1434 τρόπον
457 1348 614 1433 ἐμβαλεῖν
641 1351 689 1426 είς
720 1345 781 1444 τὸν
812 1346 979 1434 ποταμόν,
1015 1351 1072 1416 ἵνα
1106 1345 1148 1433 δὴ
1175 1342 1213 1414 τδ

203 1457 262 1540 τῆς
284 1450 411 1532 ὀττείας
434 1450 454 1520 ὅ
475 1480 507 1521 τι
531 1451 573 1540 δή
596 1477 676 1522 ποτε
698 1445 742 1540 ἦν
765 1456 802 1522 έν
825 1467 897 1534 ταῖς
919 1451 1078 1522 ἁπάντων
1092 1465 1213 1539 ψυχαῖς

203 1559 397 1646 παραμένον
430 1560 587 1648 ἐξαιρεθῇ
613 1565 682 1628 τῶν
714 1558 857 1628 εἰκόνων
884 1564 947 1629 τοῦ
978 1564 1123 1629 παλαιοῦ
1154 1557 1215 1626 πά-

164 1667 291 1744 3θους
314 1669 361 1733 ἐτι
384 1667 591 1753 σωζομένων.
635 1671 734 1736 τοῦτο
763 1666 801 1734 δὲ
828 1667 884 1734 καὶ
912 1668 1025 1756 μέχρις
1057 1661 1148 1755 ἐμοῦ
1167 1669 1216 1733 ἔτι
1235 1686 1270 1736 97

204 1773 377 1840 διετέλουν
385 1769 543 1859 Ῥωμαῖοι
557 1775 702 1860 δρῶντες
712 1770 832 1860 μικρὸν
841 1770 983 1861 ὕστερον
998 1774 1133 1862 ἐαρινῆς
1143 1776 1214 1859 ίση-

163 1897 189 1938 1⁵
203 1883 319 1964 μερίας
341 1880 378 1947 ἐν
401 1878 482 1965 μηνί
505 1883 607 1970 Μαΐῳ
634 1893 707 1958 ταῖς
735 1880 957 1966 καλουμέναις
981 1882 1098 1964 είδοῖς,
1126 1883 1217 1966 διχο-

202 1987 329 2071 μηνίδα
355 1982 559 2071 βουλόμενοι
590 1984 715 2072 ταύτην
744 1983 831 2054 εἶναι
858 1984 920 2072 τὴν
953 1982 1096 2072 ἡμέραν,
1129 1987 1166 2054 ἐν
1195 1977 1216 2074 ᾖ

202 2089 436 2178 προθύσαντες
459 2088 531 2176 ίερδι
553 2088 689 2158 τάκατά
711 2089 790 2170 τοῦς
807 2090 934 2179 νόμους
958 2094 994 2159 οί
1013 2091 1217 2180 καλούμενοι

203 2201 422 2283 Ποντίφικες,
455 2197 573 2284 ίερέων
606 2199 641 2263 οί
671 2197 946 2283 διαφανέστατοι,
977 2198 1033 2266 καὶ
1061 2195 1126 2266 σὺν
1159 2195 1217 2266 αῦ-

202 2317 272 2382 τοῖς
299 2306 337 2369 αί
360 2300 398 2370 τδ
431 2299 607 2370 ἀθάνατον
634 2306 701 2388 πῦρ
735 2302 1022 2390 διαφυλάττουσαι
1049 2305 1217 2389 παρθένοι

163 2429 190 2468 2⁰
205 2413 387 2495 στρατηγοί
412 2433 447 2476 τε
474 2407 530 2476 καὶ
556 2411 624 2477 τῶν
657 2407 771 2478 άλλων
802 2415 949 2480 πολιτῶν
978 2407 1038 2492 οῦς
1059 2423 1216 2498 παρεῖναι

202 2527 275 2592 ταῖς
307 2516 511 2600 ίερουργίαις
545 2516 645 2602 θέμις
680 2519 803 2584 είδωλα
839 2531 986 2605 μορφαῖς
1021 2515 1216 2605 ἀνθρώπων

203 2621 393 2706 εἰκασμένα,
415 2618 595 2707 τριάκοντα
607 2619 669 2688 τὸν
683 2618 834 2710 ἀριθμὸν
847 2619 912 2690 άπδ
926 2627 985 2710 τῆς
1007 2627 1098 2714 ἱεράς
1110 2621 1213 2710 γεφῦ·

204 2753 264 2814 ρας
286 2725 471 2813 βάλλουσιν
500 2730 547 2806 είς
573 2726 611 2795 τὸ
636 2730 743 2817 ῥεῦμα
769 2731 831 2796 τοῦ
859 2731 1025 2819 Τεβέριος,
1045 2728 1217 2818 Ἀργείους

277 2930 290 2976 1
311 2917 361 2976 τδν
379 2915 480 2994 νόμον]
499 2918 531 2976 τδ
550 2918 629 2993 ω’μδν
654 2941 676 2979 ο.
695 2923 799 2980 Βεὶελεθ
870 2919 1050 2995 3άζομένων
1073 2925 1126 2980 ΑΒ
1154 2919 1219 2992 άγι-

220 2992 329 3064 ομένων
347 2992 492 3062 Eusebius,
506 2994 664 3050 Ambrosch
682 2992 866 3064 σφαζομένων
884 3011 908 3050 ο.
931 2995 1033 3052 Reiske
1116 3002 1133 3050 4
1152 2993 1219 3057 δέος

204 3086 221 3133 η
241 3059 418 3134 ένθῦμιονΒ
437 3061 521 3126 δέους
539 3059 680 3134 ένθῦμιον
694 3065 796 3120 Euseb.
869 3071 886 3120 8
906 3063 1036 3135 ἔρριπτον
1052 3067 1097 3122 Ba
1117 3069 1121 3135 Ι
1141 3063 1219 3190 τιςέ-

204 3136 304 3205 ριοςΒ
367 3134 452 3189 9καλ
475 3134 671 3223 κεκοσμημένα
691 3154 714 3191 ο.
733 3136 889 3192 Ambrosch
953 3143 987 3192 10
1006 3133 1155 3210 ἐμβάλλειν
1211 3135 1216 3207 l

204 3201 239 3276 δὴ
260 3206 356 3261 om.B
429 3212 460 3260 11
481 3205 531 3274 τῆς
549 3209 691 3269 ωοτίαςΒ
721 3227 763 3276 γρ.
787 3207 836 3276 τῆς
865 3202 975 3271 ὀττείας
997 3209 1078 3278 Bmg
1099 3227 1136 3264 m.
1160 3223 1216 3262 rec.

203 3271 349 3346 ἁπάντων]
375 3270 538 3345 ἀνθρώπων
562 3295 585 3332 ο.
608 3277 750 3348 Kiessling
841 3284 873 3332 12
897 3272 1051 3341 πάθονςΒ
1080 3277 1168 3338 έθονς
1191 3277 1219 3332 Α

241 3353 273 3402 13
294 3344 335 3402 ἔτι
353 3345 497 3403 διετέλουν
515 3349 568 3403 ΑΒ
641 3355 675 3404 14
694 3349 816 3416 δρῶντες
833 3350 859 3403 A
883 3342 978 3404 ὅσοντι
996 3350 1019 3404 Β
1045 3344 1129 3418 ὁσέτη
1147 3349 1219 3404 Am-

203 3419 304 3474 broseh
319 3421 325 3486 Ι
340 3418 390 3486 τῆς
409 3413 524 3488 ἐαρινῆς
543 3437 565 3476 ο.
582 3421 738 3476 Ambrosch
791 3425 825 3476 23
844 3420 894 3474 τοῦ
912 3421 1037 3493 τεβέριος
1052 3451 1085 3461 -
1104 3419 1219 3475 θυσιῶν

203 3489 252 3545 καὶ
271 3489 340 3544 Ain
353 3489 479 3560 margine
552 3490 713 3563 τιβέριοςΒ
