2660 3986
558 209 725 258 -Γ-

139 371 262 445 έθνους
284 362 472 434 ἀντιπάλου
493 361 670 451 Ῥωμαίοις
696 361 780 452 ὑπὲρ
810 368 869 450 τῆς
895 361 999 451 ἀρχῆς
1021 363 1152 451 ἀνδρας

137 499 171 542 τε
194 471 342 560 μαχητὰς
365 476 501 559 ἔχοντος
523 471 579 540 καί
597 470 711 560 χώραν
730 473 921 558 νεμομένου
943 469 1072 558 πολλὴν
1095 472 1151 540 καὶ

136 577 270 666 ἀγαθὴν
298 579 355 647 καί
382 582 440 666 τῆς
463 575 591 665 Ῥόμης
619 576 662 646 οὐ
687 577 802 666 πρόσω
825 581 999 666 κειμένην,
1022 577 1151 665 πολλὴν

138 691 233 774 έσχεν
266 683 285 754 ό
317 685 504 774 Ταρκύνιος
535 689 732 771 προθυμίαν
764 686 821 752 καὶ
851 685 993 766 τούτους
1024 681 1151 771 ὑπαγα-

138 796 259 879 γέσθαι
293 792 349 860 καί
380 804 539 879 προεῖπεν
577 789 692 870 αὐτοῖς
726 789 787 860 τὸν
818 790 967 878 πόλεμον
999 792 1177 877 ένααλῶνε

138 911 210 980 ταῖς
231 897 386 984 πόλεσιν,
415 896 467 966 ότι
494 896 573 978 τοὺς
600 894 853 985 ὑποσχομένους
879 905 1068 987 Τυρρηνοῖς
1090 896 1150 966 ἐὰν
1180 885 1182 892 ¹

136 1003 325 1092 ἀφίκωνται
362 1003 505 1094 στρατὸν
542 1003 682 1091 ἀχοντες
715 1008 763 1085 είς
792 1003 855 1091 τὴν
891 1003 1005 1092 χοόραν
1038 1004 1151 1072 αὐτῶν

139 1115 279 1192 ἐκείνοις
302 1112 364 1200 μὲν
388 1118 498 1200 φίλας,
516 1109 695 1200 Ῥωμαίοις
715 1108 746 1179 δ’
768 1110 893 1198 ἐχθρὰς
914 1108 1069 1198 ποιήσειν
1092 1108 1152 1190 τὰς

139 1221 300 1305 σφετέρας
331 1223 494 1308 πατρίδας
525 1216 586 1286 οὐκ
618 1217 800 1304 ἐβούλοντο
834 1219 1001 1286 ἐκδοῦναι.
1052 1219 1087 1284 οί
1113 1215 1191 1284 δὲθ

136 1325 282 1412 ἀσμενοί
303 1352 339 1395 τε
366 1323 590 1412 ὑποδέχονται
620 1323 682 1392 τὸν
708 1323 858 1410 πόλεμον
888 1322 952 1392 ὀόκ
980 1321 1152 1405 ἀξιοῦντες
1166 1354 1192 1394 10

137 1430 216 1512 τους
235 1431 492 1512 δυνατωτάτους
509 1435 578 1500 τῶν
601 1428 714 1500 ἀστῶν
732 1429 974 1519 ἀφαιρεθῆναι,
996 1430 1053 1497 καὶ
1071 1429 1152 1518 πρὶν

75 1595 77 1598 .
137 1536 322 1625 ἀφικέσθαι
340 1537 513 1626 Ῥωμαίων
518 1537 681 1714 ἐδόναμιυ
704 1538 758 1606 έπί
782 1540 870 1623 σφᾶς
887 1533 986 1604 αὐτοὶ
1009 1533 1153 1624 στρατὸν

78 1645 322 1732 στκέξάχουσιυ
347 1644 459 1714 ἐπὶ
425 1647 570 1733 τηυέκε
533 1650 665 1713 κεί.υωυ
716 1641 872 1730 βασιλεὺς
903 1641 941 1712 δὲ
967 1640 1154 1731 Ταρκύνιος

140 1749 185 1832 ὡς
206 1752 330 1839 ἤκουσε
354 1751 594 1840 διαβεβηκότας
611 1748 691 1830 τοὺς
708 1754 884 1836 Σαβίνους
902 1746 1036 1877 Ἀνίητα
1054 1771 1155 1816 ποτα-

138 1856 204 1946 μὸν
226 1861 283 1928 καὶ
305 1855 592 1946 λεηλατούμενα“
576 1881 623 1926 υπ
625 1855 767 1925 ἀὐτῶν
790 1854 831 1924 τὰ
848 1853 981 1942 περὶ
946 1880 1009 1942 την
1027 1878 1151 1942 παρεμ-
1166 1883 1192 1924 15

142 1963 249 2052 βολην
272 1963 413 2052 ἅπαντα,
437 1963 617 2052 ἀναλαβὼν
640 1962 703 2051 τὴν
730 1961 961 2049 εὐζωνοτάτην
978 1959 1153 2046 Ῥωμαίων

119 2069 344 2158 ’νεότηταιάς
363 2070 429 2159 εἶχε
446 2065 569 2159 τάχόυς
587 2074 704 2157 ἐξῆχεν
722 2071 775 2139 έπὶ
793 2068 872 2150 τοὺς
888 2069 1155 2156 διεσπαρμένους

138 2180 193 2246 ἐπὶ
215 2176 273 2258 τὰς
290 2178 471 2266 προνομάς.
511 2177 710 2258 ἀποκτείνας
734 2177 771 2245 δὲ
793 2174 939 2256 πολλοὺς
962 2171 1074 2243 αὐτῶν
1097 2173 1193 2244 καλδ

137 2283 201 2371 τὴν
223 2290 318 2352 λείαν
347 2281 433 2370 ὅσην
461 2275 545 2370 ἦχον
573 2281 782 2370 ἀφελόμενος
809 2280 907 2369 έχχὺς
933 2285 992 2368 τῆς
1015 2282 1153 2349 ἐκείνων

138 2393 351 2481 παρεμβολῆς
373 2396 502 2458 τίθεται
524 2387 585 2459 τὸν
613 2390 741 2478 χάρακα
768 2391 824 2458 καλ
848 2386 1013 2457 διαλιπὼν
1037 2385 1151 2473 ὀλίγας
1167 2407 1193 2448 εο

138 2495 234 2578 τινάς
255 2495 391 2586 ἡμέρας,
415 2499 476 2576 ἕως
498 2495 519 2584 ἥ
542 2522 577 2565 τε
600 2495 700 2583 λοιπὴ
720 2497 864 2584 δύναμις
887 2498 923 2564 ἐκ
945 2498 1004 2582 τῆς
1026 2492 1154 2572 πόλεως

142 2603 228 2692 πρὸς
250 2601 353 2672 αὐτὸν
377 2603 515 2689 ἀφίκετο
537 2603 593 2670 καλ
616 2605 654 2670 αί
673 2600 763 2690 παρὰ
785 2606 853 2672 τῶν
878 2600 1062 2689 συμμάχωυ
1086 2602 1154 2669 ἐπι-

141 2714 276 2797 κουρίαι
309 2707 545 2796 συνήχθησαυ,
581 2709 777 2794 κατέβαινεν
795 2712 857 2788 είς
887 2706 925 2776 τὸ
958 2710 1077 2776 πεδίου
1109 2703 1155 2786 ἀς

31 2807 34 2842 ”
140 2814 382 2903 μαχησόμενος.

229 2922 363 2988 LXIIII.
395 2919 542 3000 Ἰδόντες
568 2919 606 2986 δὲ
633 2917 713 2998 τοὺς
734 2916 919 3006 Ῥωμαίους
947 2923 982 2987 οί
1007 2925 1152 3007 Σαβῖνοι
1167 2946 1194 2988 ιε

139 3027 327 3116 προθόμως
349 3028 403 3096 ἐπὶ
429 3025 489 3096 τὸν
517 3024 633 3112 ἀγῶνα
656 3028 849 3114 χωροῦντας
876 3027 995 3112 ἐξῆγον
1018 3027 1073 3094 καὶ
1096 3024 1153 3094 αὐ-

140 3135 195 3203 τοὶ
218 3133 277 3214 τὰς
303 3133 465 3221 δυνάμεις
493 3132 569 3203 οὔτε
597 3131 720 3219 πλήθει
747 3129 940 3218 λειπόμενοι
967 3135 1035 3200 τῶν
1058 3141 1155 3201 πολε-

213 3327 384 3418 3κειμένην
403 3329 494 3384 Βδελ
507 3326 611 3385 Reiske
629 3326 764 3410 κειμένου
778 3325 854 3380 BaR
908 3331 1092 3452 όπροειπειν
1106 3326 1154 3381 ΑΒ

142 3402 240 3456 ἵεσθε
259 3397 378 3470 στρατόν
397 3397 522 3470 spatium
539 3399 622 3454 unius
640 3397 718 3455 vocis
737 3399 763 3453 A
834 3398 943 3467 8φίλω
961 3398 1006 3466 A!
1024 3393 1115 3467 έχθρά
1130 3400 1157 3453 Α

142 3479 176 3528 17
196 3471 421 3543 διεσπασμένους
438 3471 464 3525 A
535 3477 569 3526 22
589 3467 622 3525 αλ
639 3487 692 3526 om.
712 3470 735 3524 B

196 3579 228 3620 D1
218 3589 276 3622 1011
278 3590 296 3622 ε.
309 3580 373 3620 En.
387 3581 406 3620 Ι.
425 3589 464 3621 ιο.
478 3579 574 3622 σιοοεε
558 3590 580 3621 1.
959 3561 995 3613 25
1064 3558 1068 3565 ’
