2682 3982
561 277 725 329 ..Β-

133 439 196 503 τοῦ
233 439 356 503 Τατίου
386 431 447 502 τὸν
480 433 584 520 λόγον
621 433 692 503 κατ’
728 439 846 504 ἐλπίδα
878 441 1061 529 προδοσίας
1092 441 1149 510 καὶ

134 540 365 620 συνελθόντος
402 544 449 619 είς
486 537 547 608 τὸν
587 539 834 629 ἀποδειχθέντα
874 543 994 630 τόπον,
1031 553 1148 634 προελ-

132 651 248 719 θοῦσα
284 651 331 727 είς
367 644 504 734 έφικτὸν
541 644 561 733 ή
598 651 771 736 παρθένος
811 651 1049 737 ἐξεληλυθέναι
1086 652 1148 739 μὲν

132 753 254 834 νυκτὸς
272 757 308 823 ἐκ
326 759 388 823 τοῦ
407 760 577 843 φρουρίου
600 753 661 824 τὸν
684 758 809 846 πατέρα
832 755 934 845 αὑτῆς
954 763 1017 846 ἔφη
1037 765 1149 846 χρείας

131 859 225 941 τινὸς
249 863 355 948 ἕνεκα,
374 860 432 941 τὰς
456 861 494 929 δὲ
513 870 603 941 κλεῖς
627 859 709 949 αὐτή
734 862 916 950 φυλάττειν
938 869 1007 934 τών
1030 869 1147 934 πυλών
1175 894 1188 936 τ

132 969 188 1036 καί
210 968 425 1058 παραδώσειν
449 968 563 1049 αὐτοῖς
584 966 622 1037 τὸ
647 973 754 1057 ἔρυμα
783 968 904 1051 νυκτὸς
927 969 1149 1061 ἀφικομένοις

132 1074 260 1162 μισθὸν
295 1081 354 1164 τής
389 1080 573 1164 προδοσίας
604 1081 756 1163 λαβοῦσα
786 1075 827 1146 τά
859 1078 1038 1167 φορήματα
1076 1085 1147 1148 τών

132 1186 310 1269 Σαβίνων,
355 1179 377 1252 ἀ
413 1185 488 1274 περὶ
528 1197 599 1263 τοῖς
639 1182 828 1271 εὐωνύμοις
869 1182 960 1272 είχον
1003 1183 1149 1265 ἅπαντες

132 1294 318 1378 βραχίοσιν.
363 1288 587 1370 εὐδοκοῦντος
611 1290 649 1365 δὲ
675 1295 737 1359 τοῦ
766 1295 892 1360 Τατίου
915 1295 1069 1378 λαβοῦσα
1090 1291 1189 1372 τάς5

132 1400 258 1475 πίστεις
286 1395 331 1463 δι’
359 1395 473 1484 ὅρκων
505 1393 583 1484 παρ’
610 1394 715 1465 αὐτοῦ
747 1399 803 1465 καὶ
835 1396 918 1485 αὐτή
951 1401 1059 1470 δοῦσα
1088 1404 1149 1468 τοῦ
1164 1426 1190 1464 10

133 1499 178 1589 μή
197 1501 385 1582 ψεύδεσθαι
404 1501 464 1582 τάς
483 1500 664 1590 ὁμολογίας
681 1503 786 1572 τόπον
804 1531 840 1572 τε
860 1502 1012 1594 ὁρίσασα,
1031 1504 1085 1591 ἐφ’
1107 1501 1149 1573 ὃν

77 1611 201 1677 819έδει
219 1605 298 1687 τοὺς
312 1613 485 1695 Σαβίνους
502 1611 627 1693 ἐλθεῖν,
642 1607 703 1677 τὸν
725 1609 937 1699 ἐχυρώτατον
958 1613 1013 1680 καὶ
1028 1610 1150 1690 νυκτὸς
1243 1657 1246 1664 .

92 1727 97 1754 *
137 1712 230 1802 ώραν
248 1712 310 1800 τήν
329 1712 605 1802 ἀφυλακτοτάτην
624 1713 722 1803 ἀπῄει
740 1717 797 1783 καλΙ
816 1714 895 1796 τοὸς
914 1721 1017 1784 ἔνδον
1038 1722 1147 1786 ἔλαθε.

225 1823 438 1890 XXXVHII.·
463 1824 574 1908 Μέχρι
602 1819 735 1909 μὲνδὴ
764 1823 894 1892 τούτων
918 1825 1149 1911 συμφέρονται

132 1927 253 2008 πάντες
281 1932 317 1996 oc
331 1925 504 2014 Ῥωμαίων
533 1943 751 2016 συγγραφεῖς,
781 1931 817 1996 έν
849 1929 887 1998 δὲ
910 1943 981 2010 τοϊς
1002 1928 1146 2020 ὕστερον
1162 1954 1187 1995 15

133 2036 326 2121 λεγομένοις
350 2033 410 2122 οὐχ
432 2033 648 2122 ὁμολογοῦσι.
691 2041 827 2104 Πείσων
846 2035 910 2123 γάρ
931 2034 948 2104 ὁ
968 2037 1149 2124 τιμητικός,

135 2133 176 2210 οὗ
198 2141 254 2209 καί
277 2141 447 2230 πρότερον
476 2141 667 2229 ἐμνήσθην,
695 2131 853 2228 ἀγγελόν
869 2163 974 2230 φησιν
1003 2141 1068 2212 ὁπὸ
1092 2147 1151 2230 τῆς

137 2254 301 2337 Ταρπείας
330 2246 561 2334 ἀποσταλῆναι
588 2247 730 2335 νύκτωρ
745 2251 781 2316 ἐκ
808 2251 1019 2336 τοῦχωρίου
1043 2249 1150 2336 δηλώ-

133 2375 237 2423 σοντα
258 2359 303 2446 τῷ
322 2351 480 2445 Ῥωμόλφ
504 2351 562 2434 τάς
584 2357 768 2441 γενομένας
790 2359 829 2443 τῇ
852 2355 937 2444 κόρη
960 2353 1045 2443 πρὸς
1068 2354 1150 2435 τοὺς

134 2466 307 2548 Σαβίνους
330 2457 519 2547 ὁμολογίας,
544 2458 595 2528 ότι
618 2463 733 2547 μέλλοι
755 2459 796 2529 τά
819 2461 1044 2548 σκεπαστήρια
1063 2460 1143 2552 παρ’
1161 2487 1188 2527 ω

133 2567 245 2637 αὐτῶν
269 2571 374 2636 αίτεϊν
393 2564 479 2634 ὅπλα
498 2565 555 2634 διὰ
572 2570 631 2653 τής
650 2566 846 2654 κοινότητος
862 2571 931 2635 τών
951 2566 1144 2655 ὁμολογιῶν

132 2671 452 2762 παρακρουσαμένη,
481 2667 628 2760 δύναμίν
655 2701 690 2742 τε
722 2672 910 2755 ἀξιώσοντα
931 2677 1072 2762 πέμπειν
1096 2675 1149 2743 ἐπὶ

56 2793 70 2812 ’
131 2779 171 2850 τὸ
203 2779 371 2869 φρούριον
408 2781 524 2868 ἑτέραν
561 2779 701 2866 νυκτός,
737 2778 782 2860 ώς
820 2778 909 2873 αὐτῷ
943 2781 1149 2870 στρατηλάτη
1250 2787 1256 2797 ’

132 2886 418 2975 παραληψόμενον
451 2885 531 2966 τοὺς
554 2894 735 2974 πολεμίους
757 2885 907 2975 γυμνοὺς
929 2891 997 2955 τών
1022 2885 1150 2956 ὅπλων·

207 3125 224 3171 4
243 3113 332 3186 αὐτῆς
349 3119 402 3173 ΑΒ
474 3124 490 3172 ὁ
509 3115 560 3181 τὰς
578 3117 610 3173 δὲ
630 3123 705 3181 κλεῖς
724 3113 877 3203 φυλάττειν
897 3116 927 3170 in
945 3117 968 3170 B
991 3116 1036 3171 bis
1055 3116 1151 3186 posita

136 3197 170 3246 10
185 3190 235 3244 τοῦ
254 3190 307 3244 del.
324 3187 413 3244 Cobet
424 3188 489 3244 Obs.
499 3208 525 3260 p.
537 3196 571 3245 48
629 3197 660 3244 11
679 3192 843 3260 ψευσεσθαι
856 3189 931 3242 idem
945 3187 963 3241 l.
974 3187 992 3241 l.
1046 3193 1078 3242 12
1093 3189 1149 3242 τών

137 3257 187 3331 έχυ
206 3257 322 3314 ωτοίτων
350 3261 401 3314 ΑΒ
433 3277 502 3315 corr.
529 3261 671 3331 Kiessling
710 3256 761 3315 τόν
789 3254 962 3344 ὀχυρώτατον
996 3275 1018 3312 ο.
1046 3257 1149 3314 Reiske

138 3281 397 3402 15δωμαῖοιΑΒω
453 3339 485 3387 16
500 3332 645 3387 πίσωνΒο
700 3337 733 3386 18
748 3329 948 3398 δηλωσανταΑ
1004 3334 1037 3383 19
1051 3325 1149 3392 τοὸςΒ

136 3420 191 3459 om.
215 3403 240 3456 R
322 3409 356 3458 20
378 3397 492 3470 m'ss
521 3419 575 3458 om.
603 3403 629 3457 R
709 3409 741 3456 21
773 3397 933 3472 ὀνομασιῶν
961 3416 984 3454 ο.
1013 3399 1150 3456 Bfloheler
1179 3421 1181 3426 ’

136 3479 171 3530 22
191 3468 351 3539 ἀξιώσαντα
379 3473 454 3528 ΑΒω
535 3480 569 3528 23
593 3468 670 3546 αὐτῷ
698 3475 736 3546 τῷ
765 3466 937 3542 στρατηλάτῃ
967 3486 989 3526 c.
1013 3471 1151 3528 Bfloheler

137 3551 172 3601 24
190 3542 434 3615 παραληφομένην
454 3562 476 3600 ο.
497 3546 598 3600 Reiske

190 3653 290 3693 mom.
305 3654 368 3693 Eu..
383 3653 402 3692 1.
420 3663 458 3692 ιο.
473 3654 575 3694 incon.
958 3637 991 3686 14
