2660 3986
541 239 706 290 ..r-

60 419 116 470 500
206 397 309 465 XXX.
337 393 395 476 Ὡς
418 395 455 464 ἀλ
478 393 570 464 ταῦτ’
596 392 703 480 εἶπεν,
727 391 802 462 ὅσοι
825 398 886 481 μέν
909 385 997 480 ήσαν
1017 391 1131 482 Ἀλβα-

116 505 189 570 νῶν
211 503 350 589 πένητες
371 500 511 589 ἠγάπων
535 506 566 570 εί
583 498 714 588 Ῥῶμην
737 526 772 569 τε
796 498 972 588 οἰκήσουσι
994 501 1050 568 καὶ
1073 505 1131 589 τής
1318 527 1319 586 χ

116 612 178 696 φής
200 615 326 696 κλήρου
351 607 464 691 ἕξουσι
486 609 541 676 καὶ
565 607 714 697 ἐπῄνουν
738 605 864 696 μεχάλη
887 610 952 695 βοή
974 605 1015 675 τά
1038 607 1130 676 βιβά-

116 741 212 803 μενα,
232 713 268 784 oc
284 713 322 783 δέ
340 713 564 803 λαμπρότεροι
582 728 653 794 τοῖς
671 711 835 802 ἀξιώμασι
853 715 908 782 καὶ
926 727 999 794 ταῖς
1016 713 1131 802 τύχαις

114 828 287 911 κρείττους
312 821 476 910 ήχθυντο,
504 825 537 890 εί
563 819 675 908 δεήσει
701 820 802 890 πόλιν
829 847 864 890 τε
891 818 953 908 τήν
978 823 1157 908 χειναμέ-ε

115 953 181 1016 νην
205 927 329 1010 αύτούς
351 931 496 998 ἐκλιπεῖν
518 928 574 996 καὶ
601 926 805 1015 προγονικὰς
828 929 938 1007 ἑστίας
960 927 1130 1016 ἐρημῶσαι

113 1037 171 1104 καὶ
198 1034 235 1106 τὸ
268 1035 389 1106 λοιπὸν
422 1039 529 1104 οἰκεῖν
554 1035 591 1103 έν
623 1038 662 1122 τῇ
692 1036 782 1122 ξένη·
820 1029 871 1114 οἷς
903 1031 1005 1102 οὐδὲν
1037 1033 1130 1124 ἐπήει

114 1145 225 1230 λε’χειν
248 1147 296 1223 είς
318 1141 380 1230 τήν
408 1140 551 1229 ἐσχάτην
573 1142 880 1228 κατακεκλειμένοις
902 1138 1063 1227 ἀνάγκην.
1109 1138 1127 1209 ὁ

115 1249 153 1319 δὲ
185 1249 313 1330 Τύλλος
344 1247 457 1335 ἐπειδή
489 1247 552 1335 τήν
585 1247 743 1316 διάνοιαν
780 1245 849 1316 εἶδε
882 1251 951 1317 τῶν
983 1250 1129 1333 πολλῶν,

113 1354 358 1443 ἀπολογεῖσθαι
398 1353 459 1426 τὸν
496 1355 645 1424 Μέττιον
688 1356 875 1440 ἐκέλευσεν,
912 1362 946 1422 εί
977 1379 1010 1422 τι
1044 1351 1128 1441 πρὸς
1142 1379 1169 1419 ιο

113 1466 217 1532 ταῦτα
240 1463 350 1549 λέγειν
373 1459 539 1548 βούλεται.
586 1458 648 1528 οὐκ
675 1465 761 1547 ἔχων
786 1458 817 1526 θ’
844 1457 862 1528 ὁ
886 1462 1031 1540 Μέττιος
1054 1458 1074 1528 ὅ
1095 1487 1127 1528 τι
1146 1459 1166 1524 2

88 1576 91 1580 ’
112 1567 176 1656 χρή
199 1569 310 1656 λέγειν
333 1567 417 1657 πρὸς
438 1565 517 1647 τούς
539 1565 809 1654 κατηγοροῦντάς
830 1592 866 1634 τε
888 1567 944 1634 καὶ
962 1593 1127 1655 καταμαρ-

111 1677 298 1762 τυροῦντας
319 1673 382 1762 τήν
402 1672 574 1760 Ἀλβανῶν
601 1670 732 1760 βουλήν
760 1677 884 1759 ἔφησεν
910 1669 1000 1764 αύτῷ
1023 1675 1127 1742 ταῦτα

111 1778 307 1850 ὑποθέσθαι
330 1793 439 1849 ποιεῖν
464 1777 510 1848 δι’
535 1775 752 1867 ἀπορρήτων,
781 1776 836 1846 ὅτε
865 1778 959 1864 ἐξήχε
982 1776 1044 1864 τήν
1068 1778 1126 1846 θύ-

112 1913 215 1975 ναμιν
239 1888 293 1956 ἐπὶ
315 1885 376 1956 τὸν
399 1886 563 1975 πόλεμον,
586 1885 683 1974 ήξίου
705 1911 741 1954 τε
763 1882 842 1964 τοὺς
861 1882 1056 1971 Ἀλβανούς,
1075 1876 1125 1964 οἷς
1139 1907 1164 1948 ιε

34 1985 42 1995 ’
110 1991 365 2080 ἀνακτήσασθαι
387 1993 449 2082 τήν
477 1992 663 2082 ἡγεμονίαν
692 1995 866 2082 ἐπεχείρει,
895 1997 1038 2078 βοηθεῖν
1067 1988 1125 2060 αύ-

109 2103 155 2192 τῷ
178 2101 235 2169 καὶ
258 2100 340 2189 μήτε
362 2098 425 2186 τήν
447 2103 592 2188 πατρίδα
618 2099 935 2185 κατασκαπτομένην
962 2100 1124 2183 περιορῶν

111 2203 192 2293 μήτε
214 2205 294 2286 τούς
316 2207 601 2294 ἐπιφανεστάτους
623 2209 691 2274 τῶν
709 2205 856 2273 πολιτῶν
879 2203 932 2272 ἐπὶ
951 2207 1125 2290 τιμωρίαις

111 2313 436 2401 συναρπαζομένους.
477 2315 622 2399 ταραχῆς
640 2310 679 2378 δὲ
691 2312 874 2398 γενομένης
891 2307 974 2377 κατὰ
991 2307 1054 2395 τήν
1073 2310 1123 2376 ἐκ-

109 2423 252 2506 κλησίαν
277 2424 338 2488 καί
360 2445 465 2488 τινων
494 2418 633 2507 φεύγειν
661 2419 714 2486 ἐπὶ
740 2415 781 2486 τά
809 2414 895 2486 ὅπλα
918 2413 1123 2503 ῶρμηκότεον
1137 2439 1165 2480 ιο

53 2541 108 2592 501
117 2528 153 2594 οί
180 2524 526 2613 περιεστεφανωκότες
556 2523 617 2594 τὸν
650 2523 752 2611 ὄχλον
785 2521 951 2612 ἀρθέντος
983 2527 1124 2609 σημείου

108 2631 202 2712 τινὸς
233 2631 378 2722 ἀνέσχον
412 2630 453 2702 τά
486 2634 575 2719 ξίφη.
628 2629 825 2720 περιφόβων
858 2629 896 2698 δὲ
927 2623 1162 2716 χευομένων3

109 2735 268 2807 ἁπάντων
291 2736 439 2818 ἀναστάς
456 2737 558 2806 πάλιν
582 2734 599 2806 ὁ
623 2736 753 2817 Τύλλος
770 2733 875 2805 εἶπεν·
901 2734 1012 2805 Οὐδὲν
1031 2740 1123 2824 <έτι>

109 2846 235 2928 ἔξεστιν
267 2842 349 2932 ὑμῖν
377 2850 584 2933 νεωτερίζειν
609 2841 683 2912 οὐδ’
713 2841 968 2930 ἐξαμαρτάνειν,
1001 2840 1124 2930 ἀνδρες

105 2949 272 3037 Ἀλβανοί.
308 2948 405 3040 ὑμεῖς
421 2949 486 3039 γάρ
505 2947 549 3020 ἀν
563 2965 760 3040 παρακινεῖν
774 2977 806 3020 τι
824 2949 1020 3036 τολμήσητε,
1039 2947 1122 3016 πάν·
1135 2966 1162 3008 25

179 3100 195 3149 3
219 3089 254 3149 τά
278 3089 418 3166 λεχάμενα
443 3093 465 3149 Ο
490 3095 602 3164 praeter
623 3093 646 3148 B
731 3095 764 3146 12
788 3092 859 3146 τεΒ
883 3108 936 3146 om.
956 3089 1122 3160 ΕΙμαρτυ-

106 3165 269 3234 ρούνταςΒ
347 3172 380 3220 13
399 3161 518 3220 αύιῶΒ
591 3170 624 3220 18
647 3166 767 3238 τιμωρίᾳ
790 3180 812 3218 ο.
837 3161 926 3217 Cobet
950 3159 1015 3215 obs.
1039 3179 1067 3232 p.
1087 3166 1121 3216 68

105 3230 291 3362 ἀίειν
315 3221 973 3374 ιλιι1ιυεσλεειιῖκνιθλ
993 3229 1122 3359 λιιι

106 3373 161 3447 χάρ
181 3379 302 3449 Sylburg
321 3374 373 3434 ἐάν
392 3327 570 3450 χάήαάἀεριάκ.
594 3393 617 3434 υ.
638 3377 728 3432 Cobet
746 3324 860 3448 Οθζάρρ.
880 3323 916 3430 δή
936 3323 1122 3445 {eq-zozym-

106 3467 168 3504 τετε
188 3449 284 3504 deleta
306 3467 376 3506 voce
399 3445 436 3505 ἀν
454 3450 583 3506 Ηεσελοὶο
601 3449 718 3504 Hermes
734 3446 760 3501 X
778 3465 805 3516 p.
821 3452 871 3501 411
890 3449 894 3515 ι
910 3451 1079 3516 παρακινεῖν
1097 3445 1120 3499 Β

106 3516 313 3591 παρακινήσειν
332 3522 358 3575 Β,
