2698 3982
195 224 237 287 14
618 228 783 278 -A-

192 384 308 471 πόλιν,
332 382 375 471 ἣν
398 388 464 452 νῦν
486 388 681 452 κατοικοῦσι
699 382 871 471 Ῥωμαῖοι,
899 385 1114 454 παλαιότατοι
1137 389 1205 454 τῶν

193 491 498 578 μνημονευομένων
526 493 680 577 λέγονται
711 505 886 578 κατασχεῖν
914 491 1080 578 βάρβαροι
1108 500 1205 560 Σικε-
1225 511 1261 560 25

193 603 263 685 λοί,
297 603 399 678 ἔθνος
427 595 618 684 αὐθιγενές·
655 596 695 666 τά
729 598 767 666 δέ
798 596 863 686 πρὸ
895 598 1025 668 τούτων
1055 597 1134 668 οὔθ’
1162 596 1206 679 ὡς

191 710 357 791 κατείχετο
381 703 464 792 πρὸς
487 704 610 792 ἑτέρων
632 702 711 774 οὔθ’
732 703 777 785 ὡς
799 710 921 794 ἐρημος
941 699 984 793 ήν
1008 705 1121 788 οὐδεὶς
1140 711 1206 792 ἔχει
1262 749 1268 757 ,

165 817 335 898 εβεβαίως
367 816 482 882 εἰπεῖν.
532 812 643 902 χρόνῳ
676 812 714 880 δὲ
750 811 892 902 ύστερον
912 811 1117 900 Ἀβοριγῖνες
1147 809 1205 882 αύ-

191 917 254 1006 τήν
291 918 592 1004 παραλαμβάνουσι
633 921 766 1011 πολέμῳ
803 923 918 1011 μακρῷ
954 916 1033 999 τούς
1069 925 1205 1007 ἔχοντας

156 1021 409 1112 2άφελόμενοιῖ
451 1031 487 1093 οἳ
519 1023 557 1092 τὸ
594 1024 656 1111 μέν
692 1027 859 1114 πρότερον
895 1026 948 1095 ἐπὶ
984 1039 1054 1106 τοῖς
1090 1025 1205 1112 ὄρεσιν

192 1129 305 1222 ήίκουν
332 1129 415 1199 ἄνευ
441 1135 560 1218 τειχῶν
586 1131 746 1219 κωμηδὸν
773 1133 830 1200 καὶ
858 1131 1038 1222 σποράδες,
1071 1133 1140 1202 ἐπεὶ
1168 1133 1206 1202 δέ

193 1243 367 1323 Πελασγοί
395 1263 430 1305 τε
465 1238 522 1305 καί
553 1241 621 1306 τῶν
657 1237 770 1307 άλλων
793 1236 965 1326 Ἑλλήνων
1001 1241 1089 1321 τινές
1125 1237 1204 1307 άνα-

153 1366 179 1406 10
193 1345 369 1431 μιχθέντες
391 1340 505 1424 αὐτοῖς
528 1343 719 1434 συνήραντο
741 1350 803 1414 τοῦ
821 1345 905 1433 πρὸς
925 1344 1005 1426 τοὺς
1025 1344 1205 1434 ὁμοτέρμο-

191 1477 254 1530 νας
276 1451 438 1536 πολέμου,
466 1449 504 1518 τὸ
528 1449 708 1520 Σικελικὸν
730 1453 827 1538 γένος
856 1450 1149 1540 ἀπαναστήσαντες
1171 1455 1205 1534 ἐξ

192 1553 296 1642 αύτής
317 1556 431 1636 πόλεις
453 1557 691 1644 περιεβάλοντο
719 1556 844 1646 συχνὰς
869 1560 925 1628 καὶ
952 1559 1204 1648 παρεσκεύασαν

191 1661 345 1750 ὑπήκοον
368 1660 483 1744 αὑτοῖς
504 1667 665 1750 γενέσθαι
687 1668 799 1733 πᾶσαν
821 1663 906 1752 ὅσην
929 1663 1076 1754 ὁρίζουσι
1104 1689 1203 1733 ποτα-

190 1770 249 1856 μοὶ
278 1769 341 1838 δύο
370 1777 468 1858 Λῖρις
493 1771 550 1838 καί
581 1773 727 1860 Τέβερις·
765 1777 801 1840 οἳ
823 1773 882 1852 τὰς
909 1777 970 1859 μὲν
998 1769 1101 1859 άρχὰς
1123 1779 1203 1858 λαμ-

151 1896 177 1937 15
191 1877 336 1962 βαίνουσι
359 1881 417 1964 τῆς
441 1876 568 1962 ῥύσεως
591 1881 626 1946 ἐκ
648 1883 707 1966 τής
728 1876 894 1964 ὑπωρείας
916 1881 985 1946 τῶν
999 1873 1203 1947 Ἀπεννίνων

192 1981 292 2070 ὀρῶν,
313 1980 373 2071 ὑφ’
395 1974 444 2052 οἷν
469 1987 544 2071 δίχα
563 1986 716 2071 τέμνεται
733 1988 824 2053 πάσα
841 1985 893 2054 ἐπί
912 1987 1016 2071 μήκος
1033 1983 1054 2071 ή
1071 1982 1203 2069 Ἰταλία,

192 2089 386 2170 διαστάντες
414 2090 452 2157 δὲ
478 2089 560 2158 κατὰ
583 2089 642 2170 τὰς
665 2089 804 2176 ἐκβολάς
827 2088 1005 2159 ὀκτακόσιά
1032 2115 1099 2160 που
1127 2091 1204 2158 στά-

192 2193 236 2262 δι’
267 2193 325 2263 ἀπ’
357 2194 511 2282 ἀλλήλων
553 2200 599 2276 είς
639 2195 677 2265 τὸ
722 2195 931 2284 Τυρρηνικὸν
973 2199 1203 2285 ἐξερεύγονται

99 2369 102 2374 ,
190 2303 348 2387 πέλαγος,
389 2299 453 2369 άπὸ
491 2301 552 2388 μὲν
590 2305 658 2370 τῶν
690 2308 835 2389 βορείων
870 2307 982 2390 μερῶν
1014 2301 1033 2372 ὁ
1069 2305 1203 2391 Τέβερις
1221 2321 1255 2372 26

151 2427 178 2467 2⁰
188 2404 319 2486 Ὠστίας
341 2406 469 2487 πόλεως
490 2414 634 2494 πλησίον
657 2407 913 2494 ἐκδιδούς,·άπό
938 2409 976 2478 δὲ
998 2415 1058 2478 τού
1081 2430 1204 2498 μεσημ·

189 2516 312 2600 βρινού
331 2518 489 2601 κλίματος
507 2511 525 2581 ὁ
545 2521 644 2599 Λῖρις
661 2521 884 2603 Μίντουρναν
903 2517 1203 2605 παραμειβόμενος·

155 2609 358 2704 3Ῥωμαίων
383 2622 423 2687 δέ
443 2624 529 2688 είσιν
553 2625 590 2688 αί
610 2621 724 2704 πόλεις
750 2621 937 2710 ἀμφότεραι
960 2621 1102 2694 άποικοι.
1146 2626 1203 2694 καλ

191 2727 361 2812 διέμειναν
385 2727 438 2796 ἐπὶ
459 2731 518 2815 τῆς
536 2725 640 2816 αύτής
658 2729 818 2817 οίκήσεως
841 2729 952 2800 ούκέτι
975 2729 1057 2818 πρὸς
1080 2732 1202 2816 ἐτέρων

190 2834 418 2944 ἐξελαθέντες,
442 2831 618 2922 ὀνομάτων
641 2833 800 2923 άλλαγαίς
819 2839 944 2917 διτταῖς
967 2841 1003 2905 υί
1023 2835 1119 2906 αὐτοὶ
1142 2835 1202 2904 άν-

191 3063 331 3134 excerpsit
353 3064 491 3120 Eusebius
514 3066 527 3119 I
554 3083 581 3135 p.
601 3070 653 3120 265
674 3083 714 3134 sq.
739 3065 781 3120 ed.
805 3067 913 3123 Schbne
1003 3072 1019 3122 5
1042 3062 1203 3138 άβοριηῖνες

189 3134 293 3204 ubique
312 3133 360 3188 AB
385 3135 552 3206 scripturam
574 3138 696 3192 iestatur
715 3137 811 3206 Steph.
831 3139 895 3207 Byz.
916 3157 936 3194 ε.
956 3158 982 3194 v.
1047 3140 1079 3192 11
1101 3135 1200 3204 ἐξανα-
1286 3155 1290 3162 ·

190 3201 342 3275 στήσαντες
360 3224 383 3264 α.
404 3205 492 3262 Cobet
511 3206 575 3262 obs.
594 3226 621 3277 p.
642 3213 676 3262 22
754 3213 787 3262 13
807 3205 967 3272 *αύτοίςΟ
1037 3216 1071 3264 14
1090 3210 1201 3276 ὃίριςΔ

189 3275 335 3348 δ<ί>ριςΒ
352 3283 356 3348 Ι
371 3279 476 3351 τίβερις
490 3277 513 3333 Ο
528 3279 574 3333 hie
589 3281 618 3333 ei
633 3285 665 3333 19
713 3285 745 3334 17
761 3275 886 3334 *στάδια
906 3280 928 3335 O
997 3287 1031 3335 20
1046 3275 1201 3342 άστείαςΒ

190 3344 307 3410 (ὀττείας
325 3350 358 3417 Α,
384 3350 432 3403 sed
451 3350 486 3404 ef.
511 3349 608 3419 steph.
626 3351 690 3418 Byz.
720 3367 740 3404 s.
764 3369 789 3406 v.
807 3345 900 3406 Ὠστία
983 3347 1051 3407 2Ῑὸ
1077 3370 1131 3408 om.
1150 3351 1197 3422 B}

189 3420 261 3488 δίρις
283 3417 355 3474 ABb
394 3422 482 3490 ὃείρις
504 3419 550 3475 Ba
570 3426 574 3490 Ι
595 3418 749 3491 μιτούρναν
772 3419 1009 3492 ΑμιντούρανΒ
1045 3422 1201 3492 Μέντυρνα

190 3489 285 3559 Steph.
305 3490 369 3561 Byz.
385 3510 406 3546 ε.
416 3510 442 3546 v.
458 3491 593 3562 exipsius
608 3492 737 3562 Dionysii
750 3492 823 3548 libro
833 3492 898 3547 XVI
957 3499 991 3548 24
1005 3489 1076 3549 άλλά
1090 3501 1152 3556 ταῖς
1167 3493 1200 3561 0,
