2670 3984
618 180 781 233 ,Β-

194 346 243 422 είς
265 344 442 428 ἐκκλησίαν
464 341 520 410 καὶ
542 339 583 409 τά
606 354 746 427 μαντεία
772 339 925 426 δηλώσας
947 337 1105 427 βασιλεὺς
1126 337 1211 410 άπο-

194 452 364 517 δείκνυται
391 446 476 536 πρὸς
504 445 616 517 αὐτῶν
643 449 699 516 καί
725 447 947 536 κατεστήσατο
977 450 1014 516 έν
1043 453 1116 517 ἔθει
1139 463 1212 530 τοῖς

132 577 137 586 ·
193 554 263 644 μετ’
293 553 397 624 αὐτὸν
429 553 533 623 ἅπασι
565 554 646 643 μήτε
677 561 848 642 βασιλείας
879 555 961 643 μήτε
992 553 1096 644 άρχὰς
1126 565 1211 644 λαμ
1317 569 1318 620 3

191 662 327 749 βάνειν,
351 662 410 731 ἐὰν
434 661 479 750 μὴ
501 663 557 730 καὶ
584 659 622 731 τὸ
647 663 828 749 δαιμόνιον
857 660 972 742 αὐτοῖς
996 665 1211 751 ἐπιθεσπίσῃ,

151 797 164 837 ε
193 772 342 858 διέμεινέ
361 797 397 839 τε
420 772 516 857 μέχρι
534 773 662 838 πολλοῦ
681 769 935 857 φυλαττόμενον
954 767 1019 838 ὑπὸ
1034 767 1210 858 Ῥωμαίων

191 875 229 946 τὸ
256 879 332 964 περὶ
358 874 438 957 τοὺς
467 874 672 964 οίωνισμοὺς
703 876 869 964 νόμιμον,
898 875 939 945 οὐ
971 876 1079 964 μόνον
1111 881 1206 962 βασι-
1277 877 1281 883 ’

191 985 375 1072 λευομόνης
410 987 468 1070 τῆς
502 983 645 1070 πόλεως,
682 981 768 1052 άλλδι
807 984 863 1052 καὶ
902 982 983 1071 μετὰ
1023 984 1209 1052 κατάλυσιν

189 1095 259 1158 τάν
290 1089 471 1178 μονάρχων
504 1092 541 1158 ἐν
573 1087 711 1159 ὑπάτων
742 1091 798 1158 καὶ
825 1095 1020 1179 στρατηγῶν
1049 1091 1105 1158 καὶ
1132 1091 1263 1161 τωνυεθ

150 1195 304 1265 2άλλων
332 1224 402 1265 τιιν
429 1194 512 1266 κατὰ
540 1196 670 1284 νόμους
701 1195 876 1287 ἀρχόντων
904 1198 1037 1285 οιίρέσει.
1082 1197 1208 1266 πέπαν-

151 1329 245 1372 ωτοιι
275 1301 306 1371 δ’
332 1306 370 1373 ἐν
400 1318 471 1384 τοϊς
496 1302 577 1372 καθ’
602 1301 689 1391 ἡμᾶς
715 1303 867 1393 χρόνοις,
889 1303 977 1391 πλὴν
1008 1299 1083 1373 οἷον
1106 1303 1208 1373 είκάν

190 1438 240 1491 τις
269 1408 373 1479 αὐτοῦ
402 1415 548 1480 λείπεται
576 1415 635 1498 τῆς
662 1408 757 1491 ὁσίας
784 1409 887 1498 αὐτῆς
911 1414 1006 1480 ἕνεκα
1034 1413 1207 1500 γινομένη.

190 1519 423 1600 ἐπαυλίζονται
452 1517 514 1606 μὲν
541 1515 606 1607 γὰρ
637 1521 672 1585 οί
696 1515 755 1597 τάς
781 1515 885 1606 άρχδις
916 1521 1093 1606 μέλλοντες
1125 1527 1207 1606 λαμ-

189 1623 309 1710 βάνειν
335 1626 391 1693 καὶ
418 1626 494 1712 περὶ
525 1622 586 1694 τὸν
615 1622 748 1714 όρθρον
779 1622 996 1714 ἀνιστάμενοι
1027 1629 1210 1695 ποιοῦνταί

189 1758 284 1811 τινας
306 1718 405 1819 εὐχῗις
426 1730 619 1820 ὑπαίθριοι,
646 1735 716 1800 τῶν
740 1731 777 1800 δὲ
799 1731 979 1821 παρόντων
1002 1730 1091 1812 τινές
1114 1729 1204 1820 ὀρνι·

150 1861 175 1902 15
188 1836 373 1908 θοσκόπων
396 1837 526 1926 μισθόν
548 1841 584 1906 ἐκ
606 1842 667 1908 τοῦ
691 1841 858 1927 δημοσίου
881 1838 1063 1928 φερόμενοι
1086 1837 1205 1926 άστρα·
1319 1849 1320 1868 ’

188 1944 256 2032 πὴν
280 1939 394 2026 αὐτοῖς
416 1944 559 2033 μηνύειν
585 1947 621 2014 ἐκ
647 1948 716 2013 τῶν
740 1943 924 2035 ἀριστερῶν
947 1965 1052 2032 φασιν
1075 1943 1138 2030 τὴν
1161 1943 1203 2014 οό

149 2048 385 2140 3γενομένην.
432 2056 468 2120 οί
493 2051 531 2120 δέ
558 2051 619 2122 τὸν
647 2055 682 2120 ἐκ
703 2055 763 2139 τῆς
785 2057 903 2139 φωνῆς
934 2051 1059 2122 οίωνδν
1082 2051 1203 2140 λαβόν-

187 2185 240 2239 τες
258 2157 460 2246 ἀπέρχονται
481 2156 540 2239 τάς
562 2156 666 2248 άρχόις
682 2159 959 2247 παραληψόμενοι
983 2163 1018 2228 οί
1033 2159 1095 2248 μὲν
1118 2157 1200 2229 αὐτὸ

86 2322 89 2327 .
187 2265 286 2335 τοῦθ’
314 2265 433 2335 ίκοινὸν
458 2263 754 2353 ὑπολαμβάνοντες
780 2265 868 2335 εἶναι
897 2265 935 2336 τό
959 2267 1088 2354 μηδένα
1110 2269 1203 2354 γενέ·
1320 2271 1321 2308 ³

147 2402 174 2442 ω
188 2382 271 2441 σθαι
294 2377 362 2441 τῶν
390 2373 660 2460 ἐναντιουμένων
687 2399 723 2441 τε
751 2374 808 2442 καὶ
830 2373 1033 2442 κωλυόντων
1057 2378 1202 2460 οέωνεόν,

189 2481 224 2546 οί
245 2478 282 2546 δέ
304 2481 360 2548 καὶ
383 2477 473 2567 παρὰ
496 2478 534 2548 τό
553 2479 707 2567 βούλημα
725 2484 787 2550 τοῦ
807 2485 894 2549 θεοῦ
911 2479 1113 2567 κωλύοντος,
1133 2487 1202 2551 ἔστι

186 2584 250 2674 γὰρ
275 2584 330 2654 ὅτε
352 2585 545 2674 βιαζόμενοι
567 2587 623 2655 καὶ
646 2583 705 2668 τὰς
727 2583 831 2674 άρχὰς
852 2584 1053 2676 ἁρπάζοντες
1071 2592 1202 2676 μᾶλλον

146 2687 207 2759 4ι”
231 2691 470 2779 λαμβάνοντες.
516 2689 561 2761 δι’
593 2689 652 2774 οὓς
678 2695 799 2763 πολλαὶ
827 2693 889 2782 μὲν
916 2696 954 2763 ἐν
982 2699 1025 2784 γη
1050 2696 1203 2782 στρατιαὶ

257 2965 273 3014 3
292 2957 527 3033 παραλαμβάνειν
546 2978 569 3016 ο.
584 2961 687 3017 Βωίεὶτε
759 2969 776 3016 4
795 2921 974 3016 ε’πιθεσπίσέι
992 2962 1015 3015 Β
1032 2963 1158 3032 θεσπίση
1176 2965 1202 3018 Α

186 3037 201 3086 7
220 3032 270 3101 τῆς
287 3029 397 3094 πόλεως
415 3032 636 3104 βασιλευομένης
653 3033 677 3086 Β
744 3039 775 3088 11
795 3032 845 3101 τῆς
864 3028 944 3096 ὁσίας
962 3027 1066 3103 ποιότης
1086 3033 1108 3088 0
1129 3051 1201 3089 corr.

186 3103 344 3174 Stephanus
368 3103 418 3170 τῆς
442 3099 521 3167 ὁσίας
539 3099 568 3174 γ’
589 3099 679 3172 αὐτῆς
697 3102 876 3160 casaubonus
950 3109 984 3160 14
1002 3124 1080 3168 τινας
1100 3108 1129 3159 et
1148 3125 1200 3172 φε-

184 3174 321 3244 ρομένους
339 3191 362 3229 ο.
381 3174 525 3245 Kiessling
542 3175 587 3229 Pr.
602 3175 665 3231 Bas.
678 3194 707 3245 p.
723 3182 746 3230 6.
803 3179 837 3229 15
856 3175 967 3246 μισθῶν
985 3175 1033 3230 Ba
1088 3183 1120 3231 16
1138 3171 1199 3231 ε’πι-

184 3246 333 3316 σημαίνειν
356 3247 403 3300 vel
424 3247 482 3302 tale
507 3247 575 3314 quid
598 3265 672 3316 susp.
690 3246 833 3318 Kiessling
856 3247 1004 3316 σημαίνειν
1024 3245 1114 3302 Cobet
1131 3248 1199 3303 obs.

182 3335 211 3386 p.
229 3323 263 3372 41
285 3320 290 3386 Ι
311 3335 399 3402 φασιν
423 3311 456 3373 ἔκ
478 3317 536 3372 τῶν
558 3312 585 3371 ά.
612 3317 807 3388 opraeterB
885 3323 917 3373 18
936 3313 989 3380 τάς
1011 3314 1100 3404 άρχὰς
1119 3319 1196 3391 AB!

183 3392 405 3478 περιληυομενοι
430 3389 455 3442 A
542 3393 575 3442 21
602 3385 677 3443 ἔστιν
701 3383 748 3444 ὅτε
772 3389 875 3444 Reiske
961 3395 995 3444 22
1023 3386 1200 3458 αρπάζοντες

185 3459 292 3528 μάλλον
314 3479 332 3527 η
352 3457 375 3510 Β
393 3454 423 3514 ά.
442 3454 460 3527 ἢ
480 3480 507 3530 μ.
527 3462 552 3513 Δ
624 3465 658 3514 23
678 3454 718 3514 δι’
739 3453 789 3523 οὓς
807 3460 859 3515 AB
