2682 3982
214 241 280 307 302
637 271 670 280 -
708 244 803 294 Γ-

212 411 323 487 θεοῖς,
347 398 399 470 ότι
420 403 542 480 παῖδας
566 401 696 466 ἔδωκαν
725 396 813 490 αύτςό
841 400 1002 486 γενέσθαι
1024 399 1150 480 καλούς
1172 403 1235 470 καὶ

213 506 379 594 ἀγαθούς·
411 511 522 575 ἔπειτα
547 503 739 594 περιλαβὼν
766 507 907 576 ἕκαστον
939 505 1052 576 αὐτῶν
1083 508 1141 575 καὶ
1169 506 1235 588 τὰς

213 611 351 700 ἡδίστας
373 611 522 694 ἀποδούς
547 609 733 699 ἀσπασμῶν
759 637 795 680 τε
821 612 877 679 καὶ
904 611 1101 699 φιλημάτων
1130 622 1234 700 φιλο-

213 719 403 808 φροσύνας,
424 716 549 806 Ἔχετ’,
582 723 662 805 ἔφη,
697 718 753 786 καί
789 717 851 805 τὴν
889 716 972 806 έμην
1010 719 1168 806 γνώμην,
1203 713 1234 788 ὦ

172 845 185 886 ὁ
212 831 329 908 παῖδες
352 824 492 913 ἀγαθοί,
519 826 575 893 καὶ
601 825 826 913 πορευθέντες
852 822 1082 914 ἀποκρίνασθε
1109 826 1233 918 Τύλλῳ

173 925 275 1020 6τῄν
298 930 327 1000 τ’
353 929 474 1019 εύσεβῄ
503 931 558 998 καί
581 927 687 1018 καλὴν
714 928 903 1017 ἀπόκρισιν.
949 934 984 999 οί
1005 931 1067 1018 μὲν
1091 931 1133 1019 δὴ
1156 937 1233 1019 χαί

212 1063 329 1128 ροντες
351 1039 404 1107 έπδ
431 1040 471 1124 τῄ
498 1035 739 1124 παρακελεύσει
767 1040 829 1105 τοῦ
851 1035 976 1125 πατρὸς
998 1035 1148 1126 ἀπῄεσαν
1171 1040 1233 1107 καὶ

211 1143 459 1230 προσελθόντες
494 1145 540 1234 τῷ
577 1147 711 1228 βασιλεῖ
744 1141 967 1230 ἀναδέχονται
1002 1141 1063 1211 τὸν
1099 1141 1232 1231 ἀγῶνα,

210 1249 365 1330 κάκεῖνος
392 1250 598 1335 συγκαλέσας
625 1246 688 1335 τὴν
719 1245 849 1336 βουλὴν
880 1248 937 1316 καὶ
963 1245 1108 1329 πολλοὺς
1135 1247 1232 1317 ἐπαί-

172 1375 197 1415 10
211 1383 295 1436 νους
316 1359 385 1424 τῶν
408 1359 596 1423 νεανίσκων
624 1355 826 1441 διαθέμενος
853 1351 1046 1424 ἀποστέλλει
1073 1357 1232 1442 πρέσβεις

210 1461 294 1550 πρὸς
324 1460 385 1531 τὸν
414 1459 579 1548 Ἀλβανὸν
610 1458 690 1541 τούς
722 1460 954 1548 δηλιόσοντας,
986 1459 1039 1530 ὅτι
1071 1464 1231 1548 δέχονται

206 1567 363 1656 Ῥωμαῖοι
390 1566 452 1656 τὴν
480 1570 612 1653 αἳρεσιν
643 1569 700 1636 καὶ
726 1569 926 1656 παρέξονται
953 1565 1033 1648 τοὺς
1055 1565 1231 1658 Ὁρατίους

211 1676 522 1763 διαγωνιουμένους
543 1671 627 1763 ὑπὲρ
650 1678 710 1761 τῆς
732 1673 844 1763 ἀρχῆς.

299 1783 421 1851 XVIII.
455 1780 673 1868 Ἀπαιτούσης
706 1781 744 1848 δὲ
770 1785 830 1868 τῆς
857 1777 1053 1859 ὑποθέσεως
1080 1779 1137 1847 καὶ
1164 1779 1229 1847 τόν

170 1912 196 1954 ιι
210 1887 337 1978 τρόπον
370 1889 557 1969 διεξελθεῖν
588 1891 647 1974 τῆς
679 1885 785 1974 μόχης
816 1882 963 1974 ἀκριβῶς
988 1886 1044 1954 καὶ
1075 1883 1115 1954 τὰ
1145 1883 1229 1972 μετά

209 1993 335 2082 ταύτην
368 1993 535 2082 γενόμενα
570 1993 665 2080 πύθη
702 2002 895 2081 θεατρικαῖς
931 1992 1063 2062 έοικότα
1094 2002 1285 2079 περιπε-454

209 2106 312 2182 τείαις
348 2100 393 2189 μὴ
430 2100 593 2191 ῥᾳθύμοις
633 2103 784 2168 διελθεῖν
819 2098 1021 2187 πειράσομαι
1055 2099 1112 2167 καὶ
1147 2100 1225 2187 περὶ

209 2207 339 2277 τούτων
367 2207 417 2274 ἐπ’
447 2205 618 2294 ἀκριβείας
645 2207 800 2292 ἕκαστον,
829 2203 874 2285 ὡς
902 2203 964 2294 έμὴ
991 2205 1151 2294 δύναμις,
1179 2209 1225 2272 εί-

208 2328 294 2383 πεῖν.
327 2310 440 2400 ἐπειδὴ
454 2310 519 2400 γὰρ
539 2308 557 2380 δ
577 2310 700 2399 χρόνος
713 2303 794 2398 ἧκεν
813 2303 894 2403 ένβ
913 2313 1008 2392 τέλος
1026 2315 1094 2380 ἔδει
1108 2316 1226 2396 λαβεῖν

169 2443 196 2484 ιο
208 2420 268 2500 τὰς
286 2417 477 2508 ὁμολογίας,
496 2417 635 2508 ἐξῄεσαν
653 2417 716 2506 μὲν
734 2421 773 2486 αί
786 2422 856 2488 τῶν
868 2415 1043 2506 Ῥωμαίων
1062 2417 1225 2505 δυνάμεις

209 2528 431 2616 πανστρατιᾷ,
457 2521 595 2613 ἐξῄεσαν
621 2523 659 2592 δὲ
681 2523 762 2611 μετὰ
786 2523 887 2594 ταῦθ’
909 2527 944 2593 οῖ
964 2528 1136 2593 νεανίσκοι
1154 2537 1227 2605 τοῖς

208 2631 375 2724 πατρρόοις
401 2640 497 2709 θεοῖς
524 2627 700 2716 εὐξάμενοι
731 2631 787 2697 καὶ
813 2634 965 2718 προῆγον
995 2628 1064 2718 ἅμα
1090 2633 1137 2722 τῷ
1165 2635 1227 2716 βα-

210 2745 298 2806 σιλεῖ
317 2735 636 2824 κατευφημούμενοί
658 2761 694 2805 τε
720 2733 786 2804 ὑπὸ
813 2735 940 2818 παντὸς
965 2741 1028 2806 τοῦ
1057 2733 1139 2805 κατά
1162 2735 1226 2822 τὴν

208 2842 309 2913 πόλιν
342 2839 447 2931 ὄχλου
478 2841 534 2910 καὶ
565 2839 767 2930 παττόμενοι
797 2841 856 2924 τὰς
887 2843 1033 2933 κεφαλὰς
1064 2842 1225 2912 ἀνθεσιν·

168 2972 195 3013 ιε
209 2948 274 3038 ἤδη
315 2949 353 3020 δέ
388 2949 444 3017 καὶ
480 2946 502 3036 ἡ
538 2953 608 3018 τῶν
640 2947 812 3036 Ἀλβανῶν
848 2949 1053 3037 έξεληλύθει.
1078 2950 1226 3038 στρατιά.

170 3053 281 3125 2έπεὶ
308 3055 346 3125 δέ
373 3056 780 3143 κατεστρατοπεδεύσαντο
807 3061 951 3144 πλησίον
983 3053 1139 3144 ἀλλήλων
1168 3081 1225 3142 με-
1318 3085 1319 3136 ι

209 3167 363 3252 ταίχμιον
392 3162 615 3252 ποιησόμενοι
645 3161 706 3232 τὸν
737 3168 928 3250 διείργοντα
960 3161 1023 3250 τὴν
1050 3161 1225 3249 Ῥωμαίων
1318 3149 1319 3168 ¹

280 3364 296 3413 2
315 3355 476 3485 περιβαλών
499 3357 602 3414 ΒεὶεΙῐο
681 3365 714 3412 11
733 3353 913 3426 δηλώσαντας
931 3359 957 3412 Α
1030 3363 1063 3412 12
1085 3355 1224 3426 παρέξον-

209 3450 257 3485 ται
274 3430 297 3484 Β
315 3447 373 3499 παρ
390 3429 531 3499 χονταιΑ
603 3434 638 3484 16
656 3424 692 3484 τὰ
710 3425 774 3500 μετ’
792 3423 884 3500 αάτὴν
902 3445 926 3484 ο.
944 3428 1047 3486 Reiske
1118 3434 1152 3484 18
1172 3423 1221 3483 ἐπ’

209 3497 356 3572 ἀκριβείας
374 3517 428 3556 om.
444 3500 467 3556 Ο
481 3500 629 3571 pmeterB
683 3506 718 3556 22
736 3501 880 3573 προσῆγον
894 3500 947 3555 ΑΒ
1000 3505 1036 3555 25
1053 3495 1072 3569 ἡ
1091 3499 1115 3553 Β
1129 3516 1183 3555 om.
1197 3499 1224 3553 R
