2660 3986
588 260 621 270 -
660 232 753 283 Γ-
1112 226 1176 292 387

164 388 249 460 άλλά
291 389 380 481 δόλῳ
422 395 576 477 μείζονας
616 383 719 469 αὖθις
759 387 975 459 ἀποστέλλειν
1017 388 1179 476 δυνάμεις

164 496 449 585 παρεσκευάζοντο
485 498 541 565 καὶ
575 494 762 584 στρατηγὸν
795 497 1040 586 ἐμπειρότερον.
1091 493 1109 565 ὁ
1140 495 1179 566 δέ

170 603 356 690 Ταρκύνιος
387 599 509 689 μαθων
536 600 598 689 την
632 601 790 672 διάνοιαν
822 601 935 672 αὐτόν
963 607 1089 691 συνῆγε
1115 600 1178 690 τὴν

166 709 326 797 στρατιὰν
355 707 412 778 διά
438 709 561 796 τάχους
587 711 643 780 καί
672 710 753 798 πρὶν
781 711 932 790 ἐκείνους
957 707 1106 789 ἅπαντας
1136 706 1178 796 δη
1250 709 1253 716 ’

166 824 348 886 συνελθεῖν
368 815 496 904 φθάνει
516 815 635 903 διαβὰς
652 816 713 886 τὸν
729 815 863 903 Ἀνίητα
880 815 1042 903 ποταμόν.
1073 819 1179 884 ταῦτα
1194 869 1207 910 5

166 920 288 1011 μαθων
311 919 329 992 ὃ
353 927 421 994 τεόν
444 929 608 1010 Σαβίνων
632 921 816 1012 στρατηγὸς
843 922 929 1012 ἐξῄει
959 922 1021 1010 μὲν
1046 919 1090 1002 ὡς
1113 919 1180 1010 εἶχε

165 1030 288 1118 τάχους
318 1028 381 1117 τὴν
413 1031 533 1100 νεωστὶ
566 1031 782 1117 συνηγμένην
819 1028 967 1116 δύναμιν
997 1027 1180 1116 ἀναλαβὼν

165 1139 221 1206 καλ
250 1136 547 1224 στρατοπεδεύεται
576 1142 721 1223 πλησίον
748 1140 816 1206 τῶν
839 1134 1012 1224 Ῥωμαίων
1041 1137 1096 1204 ἐπὶ
1124 1136 1180 1204 λό-

166 1270 235 1332 φου
266 1242 359 1324 τινὸς
389 1240 524 1331 ὑψηλοῦ
555 1243 611 1312 καλ
639 1241 827 1330 ἀποτόμου,
859 1241 965 1330 μάχης
996 1243 1033 1312 δέ
1063 1242 1180 1332 άρχειν

44 1393 46 1396 -
166 1349 228 1419 οὐκ
252 1352 445 1438 ἐδοκίμαζεν
469 1351 531 1428 ἕως
549 1351 587 1416 αί
606 1350 721 1416 λοιπαί
743 1352 812 1418 τῶν
830 1353 993 1433 Σαβίνων
1018 1349 1180 1437 δυνάμεις
1194 1367 1221 1408 ²⁰

168 1457 395 1540 συνέλθωσιν,
419 1451 493 1522 ἀλλ’
514 1455 567 1522 ἐπὶ
589 1453 668 1533 τοὺς
690 1453 965 1541 προνομεύοντας
986 1453 1048 1542 τὴν
1067 1454 1180 1543 χάραν

167 1563 342 1648 ἐκπέμπων
370 1558 426 1630 άεί
450 1586 545 1640 τινας
571 1563 639 1627 τῶν
669 1561 795 1628 ἱππέων
822 1560 878 1628 καὶ
901 1559 1023 1647 λόχους
1046 1563 1181 1647 ἐγκαθί-

168 1675 233 1751 ζων
256 1665 353 1747 άλαις
370 1663 391 1754 ἢ
410 1666 534 1746 νάπαις
552 1664 642 1753 εἶργε
660 1664 740 1746 τοὺς
757 1663 941 1752 Ῥωμαίους
958 1671 1027 1736 τῶν
1047 1669 1100 1736 ἐπὶ
1118 1666 1181 1753 τὴν

168 1773 282 1864 χάραν
305 1773 442 1856 ἐξόδων.

256 1883 353 1951 LXV.
395 1885 524 1950 Τοῦτον
552 1879 590 1948 δέ
621 1879 682 1948 τὸν
715 1878 842 1968 τρόπον
872 1878 977 1950 αὐτοῦ
1005 1882 1181 1969 χρωμένου
1195 1895 1222 1936 1⁵

167 1993 214 2082 τῷ
238 1991 371 2080 πολέμῳ
394 1987 515 2056 πολλαὶ
539 1986 600 2074 μὲν
630 1987 817 2073 συμπλοκαὶ
842 1987 923 2071 [καὶ]
947 1985 1019 2056 κατ’
1045 1986 1182 2074 ὀλίγους
1214 2045 1216 2051 .

51 2082 55 2090 ’
115 2099 284 2177 θεοφιλῶν
311 2095 425 2162 τεκαὶ
453 2095 579 2162 ἱππέων
607 2095 776 2180 ἐγίνοντο,
809 2092 896 2181 μάχη
931 2093 969 2162 δέ
1001 2092 1182 2182 ὁλοσχερὴς

169 2199 327 2272 ἁπάντων
351 2199 501 2288 οὐδεμία.
546 2200 730 2287 ἑλκομένου
759 2199 796 2268 δέ
818 2204 879 2268 τοῦ
902 2200 1029 2288 χρόνου
1053 2199 1099 2269 δι’
1126 2200 1181 2289 ὀρ-

168 2312 230 2395 γης
252 2310 367 2395 φέρων
389 2306 452 2394 τὴν
476 2304 653 2394 διατριβὴν
683 2304 700 2374 ὁ
725 2306 910 2394 Ταρκύνιος
938 2307 990 2376 ἐπὶ
1013 2306 1076 2395 τὴν
1099 2332 1181 2395 παρ-

168 2412 315 2503 εμβολὴν
342 2417 410 2482 τάν
441 2419 610 2500 πολεμίων
641 2411 699 2493 τάς
727 2413 889 2502 δυνάμεις
920 2419 1051 2504 ἔκρινεν
1083 2413 1180 2500 άγειν
1195 2437 1222 2477 εο

166 2522 223 2590 καὶ
245 2518 370 2600 πολλάς
393 2517 572 2606 ἐποιήσατο
595 2519 796 2607 προσβολάς.
841 2525 952 2590 ἔπειτα
973 2518 1221 2608 καταμαθών2

167 2632 212 2720 τῷ
236 2631 335 2718 βιαίῳ
353 2630 423 2694 τῶν
441 2625 576 2712 τρόπων
596 2623 638 2693 οὐ
657 2627 780 2716 ῥᾳδίαν
800 2618 908 2694 οὖσαν
927 2625 1032 2714 αὐτὴν
1051 2625 1180 2712 ἁλῶναι

169 2733 225 2802 διά
253 2733 314 2820 τὴν
343 2733 525 2822 ἐχυρότητα
552 2736 592 2821 τῇ
621 2730 740 2800 σπάνει
768 2735 836 2801 τῶν
864 2735 1061 2819 ἐπιτηδείων
1083 2743 1180 2803 πολε-

167 2854 243 2928 μεῖν
269 2855 340 2921 τοῖς
367 2843 404 2909 έν
433 2839 516 2928 αὐτῇ
546 2841 684 2926 διέγνω,
712 2839 768 2907 καλ
794 2837 884 2928 παρά
907 2839 1015 2919 πάσας
1041 2839 1100 2920 τὰς
1122 2867 1180 2928 φε-

168 2946 306 3033 ρούσας·
320 2943 370 3014 ἐπ’
396 2944 503 3032 αὐτὴν
535 2943 636 3024 ὁδοὺς
663 2945 812 3033 φρούρια
843 2946 1179 3034 κατασκευαζόμενος,
1194 2969 1222 3010 ²⁵

169 3055 364 3134 ξυλίζεσθαί
391 3079 426 3121 τε
458 3049 581 3132 αὐτους
612 3053 668 3120 καὶ
699 3050 795 3140 χιλὸν
829 3055 943 3132 ιπποις
974 3068 1180 3139 συναγαγειν
1217 3129 1221 3136 ,

240 3201 254 3250 λ
275 3191 453 3265 συνηγμένην
472 3192 596 3264 δυναμιν
614 3195 637 3248 Β
662 3191 828 3265 δόναμινσ.
848 3195 872 3248 R
892 3194 897 3266 1
917 3193 966 3248 καλ
984 3189 1137 3268 α’ναλαβων
1154 3198 1180 3250 Α

168 3291 201 3340 16
220 3283 270 3338 καὶ
288 3283 342 3338 del.
357 3283 495 3339 Bflcheler
566 3288 600 3338 21
619 3280 797 3370 καταμαθων
815 3283 838 3336 Β
856 3270 999 3354 μαθόνΒ
1071 3290 1105 3338 22
1128 3304 1180 3339 τον
1264 3273 1271 3297 '

166 3375 198 3425 τρ
200 3351 306 3410 όπονΔ
352 3361 385 3409 28
400 3349 493 3409 διά
456 3375 516 3440 την
531 3351 718 3425 ἐχυρότηταΒ
737 3349 777 3408 δι’
789 3352 991 3424 ίσχυρότηταΙλ
1003 3354 1006 3427 λ
1018 3359 1180 3426 πολιορκεῖν

167 3443 190 3482 ο
182 3375 302 3512 Pflugk
343 3431 377 3480 24
391 3421 483 3488 *τοὺς
497 3426 519 3481 0
535 3427 569 3481 ef.
584 3426 676 3480 Κεεοε
692 3425 746 3480 Zur
755 3426 913 3481 Reenond
929 3426 1016 3482 Casus
1027 3431 1179 3496 188516

166 3503 200 3552 26
220 3493 381 3566 φροόριαΒ
401 3492 567 3568 φρονράςΒ,
629 3503 663 3553 26
683 3494 859 3599 συνάγεινυ.
879 3497 968 3552 Cobet
987 3497 1051 3552 obs.
1070 3515 1098 3567 p.
1106 3445 1151 3564 Ι)ῗί2

963 3586 1019 3640 25·
