2698 3982
568 259 734 314 -Α-
1116 261 1159 326 87

139 420 196 488 καὶ
219 418 363 507 μάλιστα
389 422 458 488 τῶν
486 417 548 506 μὲν
571 421 745 505 ἐπιφανείς
771 417 831 500 τὰς
851 419 968 508 τύχας,
991 419 1161 508 πλάνητας

85 538 138 589 138
146 526 184 594 δὲ
206 524 286 606 τούς
308 531 405 612 βίους
423 525 625 614 ἐσχηκότων,
649 525 852 612 μαθέτωσαν
874 523 926 594 ότι
949 531 1075 614 χωρίον
1097 528 1160 616 μὲν

140 636 179 702 ἓν
210 631 249 701 τὸ
282 633 468 720 δεξάμενον
496 630 538 702 τά
568 629 704 720 σάματα
733 629 846 702 αὐτῶν
869 625 931 720 ἦν,
953 647 1099 722 μνημεῖα
1121 633 1160 704 δὲ

139 738 231 828 παρὰ
253 747 391 820 πολλοῖς
412 737 653 810 κατεσκεύαστο
678 737 726 806 δι’
752 737 892 810 εύνοιαν
919 743 988 812 τόν
1012 742 1050 810 ίν
1074 738 1160 828 ὠφε-

140 851 246 925 λείαις
267 846 337 914 τισί
360 843 406 913 δι’
433 843 557 924 αύτούς
574 846 780 932 γενομένων,
804 845 946 932 μάλιστα
969 851 1001 914 εί
1021 851 1084 916 τοῦ
1105 848 1186 932 γέ-ῡ

139 977 223 1030 νους
256 949 368 1020 αὐτόν
397 977 431 1020 τι
460 954 580 1038 περιῆν
603 947 624 1038 ἢ
654 949 783 1031 πόλειός
810 977 904 1032 τινος
932 949 1106 1033 ἀπόκτισις
1137 948 1159 1040 ἢ

140 1057 279 1146 χρόνιοί
297 1083 387 1138 τινες
400 1057 456 1126 καί
470 1056 711 1144 φιλάνθρωποι
725 1062 832 1144 μοναί
838 1080 845 1095 ·
870 1052 925 1126 οἶα
949 1056 991 1145 δὴ
1014 1059 1160 1147 καὶπερὶ

139 1163 241 1234 τόνδε
263 1162 324 1234 τὸν
346 1162 441 1252 ἥρωα
464 1163 751 1252 μυθολογούμενα
774 1172 880 1251 ίσμευ.
909 1163 997 1256 Ἰλίῳ
1016 1164 1160 1254 μὲνγὰρ
1179 1162 1200 1226 2

139 1269 178 1340 τὸ
203 1268 248 1358 μὴ
271 1271 420 1339 πασσυδὶ
444 1273 680 1358 διαφθαρῆναι
706 1267 790 1338 κατά
816 1268 879 1356 τὴν
903 1268 1031 1342 ἅλωσιν
1054 1295 1160 1360 παρα-

141 1377 243 1464 σχόν,
266 1381 307 1465 τῇ
332 1375 369 1444 δὲ
390 1378 582 1466 καλουμένη
598 1383 767 1467 Βεβρυκίᾳ
784 1376 823 1446 τὸ
847 1376 1063 1466 ἐπικουρικὸν
1087 1381 1160 1446 δια·
1174 1401 1200 1442 ιο

140 1487 298 1570 σωθῆναι
321 1483 588 1571 παρασκευάσας,
611 1486 648 1552 ἐν
666 1489 798 1574 Φρυγίᾳ
821 1483 860 1552 δὲ
872 1482 933 1554 τὸν
947 1482 1026 1554 υίδν
1046 1483 1159 1554 ’Λσκά-

138 1618 218 1660 νιον
241 1593 381 1676 βασιλέα
403 1590 611 1677 καταλιπόν,
642 1593 680 1660 ἐν
703 1589 868 1680 Παλλήνη
892 1591 930 1660 δδ
952 1591 1054 1660 πόλιν
1078 1589 1160 1662 ἐπά-

138 1724 252 1786 νυμον
283 1701 413 1783 κτίσας,
443 1699 481 1766 ἐν
509 1697 667 1787 Ἀρκαδίᾳ
698 1696 737 1766 δὲ
765 1699 955 1787 θυγατέρας
983 1697 1159 1785 κηδεύσας,

140 1807 179 1873 ἐν
216 1809 357 1894 Σικελία
394 1803 432 1872 δὲ
468 1806 570 1892 μέρος
610 1808 669 1890 τῆς
705 1807 862 1890 στρατιάς
901 1801 1159 1893 ὑπολιπόμενος,

140 1915 179 1981 ἐν
195 1918 335 1990 πολλοῖς
359 1909 396 1980 δὲ
419 1909 535 1990 ἄλλοις
557 1915 693 1998 χωρίοις
716 1909 984 1999 φιλανθρώπους
1005 1909 1064 1991 τάς
1087 1915 1159 1980 δια-
1174 1935 1199 1975 τι

139 2015 258 2106 τριβάς
282 2017 505 2105 δωρήσασθαι
529 2022 641 2088 δοκόν
665 2016 822 2086 ἑκούσιον
850 2015 917 2105 είχε
939 2015 1020 2105 παρ’
1047 2015 1159 2086 αὐτῶν

84 2124 208 2212 139τὴν
232 2123 383 2211 εὔνοιαν,
407 2122 448 2192 δι’
473 2121 517 2211 ἣν
531 2123 592 2194 τὸν
606 2122 671 2212 μετ’
695 2122 890 2210 άνθριόπων
912 2129 991 2211 βίον
1004 2122 1159 2216 Ιόκλιπόν

140 2229 267 2319 ἡρώοις
290 2234 460 2319 ἐκοσμεῖτο
483 2232 539 2300 καὶ
558 2230 742 2319 μνημάτων
765 2244 984 2310 κατασκευαῖς
1001 2233 1159 2320 πολλαχῇ.

141 2339 213 2406 ἐπεὶ
236 2340 318 2427 φέρε
339 2344 434 2416 τίνας
456 2333 500 2406 άυ
523 2341 632 2417 αίτίας
654 2343 724 2424 ἔχοι
746 2363 797 2417 τις
818 2335 1013 2408 ὑποθέσθαι
1033 2341 1102 2408 τῶν
1121 2339 1194 2407 ἐν3

138 2442 262 2536 Ἰταλίᾳ
294 2443 400 2514 αὐτοῦ
427 2442 628 2531 μνημάτων,
655 2448 687 2512 εί
713 2442 794 2531 μήτε
823 2436 902 2532 ἦρξε
928 2442 1059 2514 τούτων
1090 2449 1159 2514 τῶν
1172 2467 1200 2508 ω

141 2556 276 2640 χωρίων
308 2551 390 2639 μήτε
421 2548 616 2637 καταγωγὰς
648 2553 685 2620 ἐν
718 2549 833 2630 αὐτοῖς
862 2549 1040 2637 ἐποιήσατο
1071 2551 1157 2639 μήθ’

142 2657 230 2738 ὅλως
252 2657 410 2744 ἐγνώσθη
425 2657 510 2745 πρὸς
528 2656 658 2739 αύτῶνς
681 2656 750 2726 ἀλλ’
771 2655 855 2745 ὑπὲρ
874 2656 936 2744 μὲν
954 2657 1085 2727 τούτων
1103 2659 1159 2727 καὶ

142 2757 246 2844 αὖθις
274 2763 491 2852 λεχθήσεται,
520 2764 643 2834 καθότι
673 2761 716 2832 άν
747 2761 765 2832 ὁ
796 2762 897 2850 λόγος
929 2763 984 2852 ἐφ’
1018 2765 1160 2834 ἑκάστου

141 2875 263 2958 καιροῦ
287 2875 487 2957 δηλωθῆναι
510 2870 642 2960 ἀπαιτῇ.

218 3097 295 3156 1ίπι
297 3109 437 3173 φανεῖςμ
439 3100 470 3158 ἓν
490 3119 513 3157 ο
524 3098 861 3172 Sylburg1u2uvvivacA
934 3109 949 3157 7
969 3095 1067 3184 χρόνοι
1084 3098 1159 3162 τινες

140 3174 218 3230 ABa
285 3123 570 3262 9φπα<ν>συδ<ί>Β
644 3179 675 3228 11
696 3174 879 3260 διασωθῆναι
897 3166 1092 3258 παρεσκεύασε
1111 3172 1156 3242 ΑΙ

142 3241 176 3301 ἐν
200 3262 254 3300 om.
277 3245 303 3298 R
331 3247 336 3314 Ι
364 3245 483 3330 βασιλέα
501 3241 552 3299 τόν
574 3239 676 3299 υλόν’
658 3240 797 3299 ασκάνιον
815 3246 840 3298 R
913 3250 946 3297 12
965 3237 1083 3313 ὁμάνυμ
1064 3243 1159 3312 μουΒ

181 3322 216 3370 14
233 3312 371 3370 δπολειπο
374 3335 458 3386 μενος
476 3316 553 3370 ABb
641 3321 674 3370 15
698 3311 730 3370 ἐν
753 3315 807 3369 del.
826 3313 970 3384 Kiessling
992 3310 1024 3368 λυ
1046 3316 1160 3376 πολλοῖς

141 3385 176 3443 δὲ
197 3385 246 3441 καλ
264 3381 358 3449 ἄλλοις
376 3387 520 3443 Meutzner
537 3388 609 3440 Ann.
628 3387 698 3456 phil.
720 3392 835 3456 18771).
855 3391 907 3440 826
987 3391 1018 3440 17
1046 3380 1158 3470 μετάΒ

180 3453 248 3512 18
233 3477 281 3525 ηρ
277 3459 324 3520 οις
342 3460 368 3513 Α
467 3464 502 3512 20
526 3456 672 3520 ίταλοῖςΒ
772 3462 877 3512 20-22
898 3455 925 3512 εί
946 3451 1069 3528 μήτε-
1087 3451 1159 3526 πρός

142 3525 241 3584 αότῶν
258 3529 281 3582 Β
300 3545 354 3583 om
374 3530 399 3582 A
471 3535 506 3584 24
524 3523 645 3584 άπαιτεῐ
658 3529 705 3584 Ba
