2682 3982
170 209 258 274 ‘298
615 211 783 261 -Γ-

193 395 261 449 τας.
301 371 389 456 λέγει
411 367 495 457 πρὸς
512 365 616 438 αῦτὸν
640 364 658 436 ὁ
681 368 900 454 Φουφέττιος·
924 364 1007 436 Οὐδ’
1034 365 1090 453 ἐμὲ
1110 365 1209 452 λέλη-

193 486 273 563 δεν,
297 469 323 544 εδ
351 474 472 561 Τύλλε,
499 473 537 548 τὸ
561 473 721 564 συγγενὲς
747 477 815 544 τῶν
838 478 1035 562 μειρακίων,
1060 470 1134 542 οὐδ’
1161 468 1210 552 ὡς
1315 487 1316 502 ’

194 580 395 668 ἀναγκάσων
427 579 549 662 αύτούς
580 595 651 662 τοῖς
681 578 835 662 ἀνεψιοῖς
862 577 918 648 διά
948 579 1054 667 μάχης
1082 591 1208 668 χωρεῖν

194 694 225 758 εί
251 688 295 778 μὴ
322 696 526 777 βουληθεῖεν
554 686 651 758 αὐτοὶ
681 685 741 758 τὸν
768 685 884 774 ἀγιῦνα
914 683 1094 774 ὑπομεῖναι
1123 711 1210 774 παρ-

153 823 167 866 ι
195 796 440 884 εσκενασάμην,
464 793 537 864 ἀλλ’
563 792 677 881 ἐπειδὴ
700 793 836 882 τάχιστα
855 795 908 864 ἐπὶ
930 798 1017 862 νοῦν
1039 785 1128 881 ἦλδέ
1148 820 1210 880 μοι

193 903 272 972 τόδε
298 901 336 972 τὸ
369 901 539 989 βούλευμα
570 900 650 982 τοῦς
676 899 859 992 Ἀλβανούς
887 905 1078 992 Κορατίους
1109 927 1211 988 μετα-

193 1010 408 1098 πεμψάμενος
435 1007 536 1088 αὐτὸς
562 1006 612 1076 ἐπ’
639 1010 784 1095 ἐμαυτοῦ
818 1006 996 1096 διάπειραν
1025 1012 1148 1094 ἔλαβον
1176 1011 1212 1076 εί

194 1117 415 1203 βουλομένοις
443 1113 556 1195 αὐτοῖς
583 1118 674 1184 ἐστιν
699 1113 717 1184 δ
740 1113 847 1202 ἀγών·
875 1115 1066 1203 δεξαμένων
1090 1112 1121 1181 δ’
1147 1111 1210 1182 αύ-

193 1227 262 1292 τῦν
284 1220 346 1292 τὸν
370 1221 473 1309 λόγον
496 1220 624 1315 ἀπίστῳ
646 1223 715 1292 τινὶ
739 1223 796 1292 καὶ
818 1225 998 1310 θαυμαστῇ
1020 1225 1209 1310 προθυμίη,

154 1356 181 1396 ιο
194 1329 269 1398 τότε
300 1327 547 1398 ἀνακαλύπτειν
584 1334 694 1416 ἔγνων
724 1328 763 1398 τὸ
799 1327 970 1415 βούλευμα
1001 1328 1058 1396 καὶ
1089 1327 1208 1416 φέρειν

195 1440 242 1516 είς
268 1436 386 1522 μέσον·
423 1439 481 1506 σοί
503 1461 538 1504 τε
565 1433 603 1506 τὸ
631 1433 714 1506 αὐτὸ
741 1439 840 1506 τοῦτο
868 1432 1070 1522 ὑποτίθεμαι
1097 1443 1211 1502 ποιεῖν

194 1531 376 1612 καλέσαντι
403 1541 482 1624 τοῦς
512 1540 590 1631 παρ’
618 1539 700 1632 ύμῖν
727 1541 912 1631 τριδύμους
941 1554 1062 1628 πεῖραν
1095 1537 1210 1608 αύτιῦν

154 1649 252 1736 4τῆς
274 1647 411 1736 γνάμης
432 1647 649 1737 ποιήσασθαι.
699 1647 758 1720 ἐδιν
786 1649 848 1737 μὲν
877 1640 940 1717 οῦν
968 1646 1100 1726 ἑκόντες
1127 1664 1210 1714 σνν-

195 1757 371 1824 επιδιδῦσι
406 1754 555 1826 κάκεῖνοι
586 1755 628 1826 τὰ
659 1755 796 1843 σώματα
826 1757 1113 1843 προκινδυνεῦσαι
1144 1756 1267 1839 τῆςεεε

154 1887 181 1928 15
196 1862 325 1930 ἑαυτῶν
347 1865 508 1950 πατρίδος
526 1863 627 1949 δέχου
644 1860 707 1949 την
726 1861 837 1949 χάριν,
856 1859 916 1932 ἐὰν
934 1860 972 1930 δὲ
991 1858 1210 1928 ἀναδύωνται

194 1972 362 2056 μηδεμίαν
389 1967 505 2049 αὐτοῖς
531 1967 701 2057 πρόσφερε
729 1965 890 2056 ἀνάγκην.
934 1965 1141 2055 μαντεύομαι
1170 1964 1210 2034 δὲ

194 2076 251 2143 καὶ
277 2075 354 2161 περὶ
381 2077 519 2144 ἐκείνων
549 2070 603 2144 οἷα
630 2077 785 2163 καὶπερὶ
811 2079 879 2144 τῶν
902 2073 1088 2164 ἡμετέρων,
1116 2081 1208 2160 είπερ

197 2174 260 2252 οῦν
288 2183 375 2251 είσλν
404 2186 498 2262 οἴους
527 2180 710 2269 ἀκούομεν,
734 2183 817 2268 <ἐν>
840 2179 968 2268 ὀλίγοις
996 2193 1066 2261 τοῖς
1088 2179 1216 2269 ἀριστα-

194 2287 383 2377 πεφωιύσιν
407 2287 518 2376 ὅμοιοι
540 2287 666 2357 καὶ·τά
689 2290 830 2376 πολέμια
854 2285 994 2374 ἀγαθοί·
1026 2287 1121 2372 κλέος
1142 2285 1208 2374 γάρ

155 2418 183 2458 20
196 2393 308 2464 αῦτῦν
330 2397 387 2464 καὶ
408 2393 494 2486 πρὸς
515 2393 602 2483 ἡμᾶς
624 2394 769 2483 ἐλήλυθε
795 2399 855 2484 τῆς
876 2393 1003 2484 ἀρετῆς.

284 2503 373 2570 XVI.
405 2503 546 2592 Δέχεται
575 2501 617 2590 δὴ
644 2500 706 2590 τὴν
729 2508 928 2590 παραίνεσιν
957 2499 975 2570 ὁ
1004 2500 1130 2582 Τύλλος
1151 2501 1209 2569 καὶ

197 2609 401 2694 δεχημέρους
426 2608 654 2696 ποιησάμενος
679 2607 819 2696 ἀνοχάς,
849 2611 887 2677 ἐν
914 2603 968 2690 αἶς
991 2607 1214 2695 βουλεύσεταί

195 2739 231 2782 τε
257 2713 313 2780 καὶ
345 2711 468 2800 μαθων
499 2712 562 2802 τήν
596 2713 752 2783 διάνοιαν
783 2718 852 2784 νῦν
879 2712 1040 2803 Ὁρατίων
1072 2712 1211 2800 ἀποκρι-
1321 2777 1322 2812 χ

196 2831 303 2888 νεῖται
320 2823 432 2907 παρῆν
452 2823 499 2900 είς
516 2818 578 2908 τὴν
597 2819 706 2890 πόλιν.
737 2833 810 2902 ταῖς
828 2819 860 2890 δ’
882 2821 956 2909 ἑξῆς
973 2819 1112 2910 ἡμέραις
1129 2825 1211 2907 βου-

193 3027 196 3032 .
269 3057 284 3108 2
310 3047 402 3106 τύλλιε
424 3053 451 3107 Α
531 3059 547 3108 8
570 3046 739 3121 ἀναγκάζων
766 3040 819 3108 ΑΒ
852 3051 886 3108 ef.
916 3051 1005 3108 Cobet
1035 3049 1100 3108 obs.
1122 3069 1156 3140 μ.
1175 3056 1211 3106 63

187 3127 215 3176 ’4
233 3117 331 3185 αῦτοῖς
356 3123 379 3177 Α
459 3128 476 3178 5
501 3119 559 3196 ἐπὶ]
584 3119 625 3185 είς
652 3139 675 3178 ο.
703 3121 845 3193 Kiessling
926 3129 958 3177 ll
982 3141 1012 3178 τε
1035 3119 1067 3177 τῦ
1094 3117 1165 3177 αντδ
1187 3121 1212 3175 Β

196 3212 226 3280 τε
246 3187 317 3249 αύτὸ
336 3195 362 3248 A
379 3187 505 3249 ταύτδῖ,
550 3201 584 3277 lq
603 3188 702 3300 αῦτοὲς
720 3211 742 3249 ο,
763 3194 886 3264 Sylburg
904 3188 991 3284 adu'v'e
1010 3193 1033 3249 0
1093 3199 1127 3248 1⁷
1145 3192 1213 3260 περὶ

196 3261 867 3406 λλάῖῗὲωῦιἷέἔωίιάιῗῦλάβιῦῦῦῖἓίωΒ
895 3263 1070 3392 εῦίῖἷίλι
1088 3259 1213 3406 ιέἀμῗέ

196 3401 305 3492 ἀγαθοὶ
331 3407 385 3463 δελ.
403 3407 524 3463 Reudler
546 3407 638 3464 Tiroo.
661 3427 688 3479 ρ.
708 3414 742 3466 29
759 3411 763 3478 Ι
779 3403 874 3479 <γ>ἀρ
893 3406 916 3460 Β
938 3401 1008 3477 παρ’
1027 3409 1053 3464 Α
1125 3413 1159 3462 21
1179 3425 1211 3462 τε

197 3477 233 3546 δη
252 3479 275 3532 Β
293 3474 326 3531 δὲ
345 3479 371 3531 A
388 3495 458 3535 corr.
476 3479 618 3549 Kiesnling
667 3493 670 3500 '
