2682 3982
567 217 731 270 ..Β-

142 392 231 448 πεῖν·
264 375 376 446 Ἑστία
412 381 471 464 τῆς
502 375 676 464 Ῥωμαίων
711 377 840 459 πόλεως
876 378 1001 465 φύλαξ,
1036 384 1068 448 εί
1097 379 1196 467 μέν4
1294 403 1300 416 ·

143 483 244 566 ὁσίως
265 485 322 553 καλ
342 488 478 565 δικαίως
496 484 700 554 ἐπιτετέλεκά
720 505 773 554 σοι
791 484 832 554 τά
853 486 925 574 ίερά
944 485 1072 575 χρόνον
1092 487 1160 557 ὀλί-

142 619 207 679 γον
235 592 357 660 δέοντα
382 595 658 680 τριακονταετοῦς
684 593 742 660 καὶ
769 590 881 681 ψυχὴν
910 599 1032 682 ἔχουσα
1054 604 1160 664 καθα-

143 697 209 786 ράν
236 699 294 767 καλ
321 702 417 786 σῶμα
444 695 567 786 ἀγνόν,
601 698 793 786 ἐπιφάνηθί
816 726 873 787 μοι
900 701 957 768 καί
983 699 1161 788 βοήθησον

142 806 199 873 καὶ
231 803 277 894 μὴ
309 808 461 894 περιίδῃς
491 803 554 893 τὴν
581 810 723 892 σεαυτῆς
751 807 875 892 ίέρειαν
902 805 964 878 τὸν
993 816 1187 877 οῖκτιστοντ

144 911 253 1000 μόρον
275 909 530 982 ἀποθανοῦσαν·
561 917 593 980 εί
615 911 653 980 δέ
676 909 820 982 ἀνόσιόν
842 939 875 982 τι
897 916 1084 1002 πέπρακταί
1104 941 1161 1002 μοι

146 1031 218 1100 ταῖς
240 1021 336 1107 ἐμαῖς
356 1023 531 1106 τιμωρίαις
556 1017 595 1088 τὸ
617 1023 677 1106 τῆς
698 1019 827 1101 πόλεως
854 1019 937 1107 ἀγος
959 1018 1162 1109 ἀφάγνισον.

146 1122 238 1194 ταῦτ’
265 1128 428 1194 είποῦσαν
455 1126 511 1194 καὶ
541 1125 788 1214 περιρρήξασαν
815 1125 879 1195 ἀπὸ
912 1130 971 1215 τῆς
1001 1133 1197 1218 καρπασί-’ῑι

146 1259 209 1319 νης
249 1234 406 1320 ἐσθῆτος,
446 1228 491 1320 ἣν
533 1237 648 1319 ἔτυχεν
689 1235 904 1336 ἐνδεδυκυῖα,
945 1240 1062 1321 βαλεῖν
1101 1233 1162 1304 τὸν

148 1344 322 1426 τελαμῶνα
345 1339 399 1408 έπλ
420 1337 481 1408 τὸν
500 1337 617 1427 βωμὸν
639 1339 720 1427 μετά
738 1339 801 1427 τὴν
824 1339 927 1428 εὐχὴν
948 1342 1084 1428 λέγουσι
1106 1342 1163 1410 καί
1177 1369 1204 1410 ιο

149 1447 184 1512 ἐκ
206 1449 265 1533 τῆς
287 1450 538 1533 κατεψυγμένης
563 1444 628 1534 πρὸ
656 1451 783 1516 πολλοῦ
810 1449 866 1515 καὶ
890 1445 1016 1517 οὐδένα
1038 1455 1163 1534 φυλατ-

91 1551 274 1638 383τοάσης
306 1557 478 1640 σπινθῆρα
509 1553 634 1640 τέφρας
667 1552 863 1640 ἀναλάμψαι
891 1553 1002 1641 φλόγα
1034 1553 1162 1643 πολλὴν

148 1656 204 1725 διὰ
231 1662 291 1744 τῆς
318 1659 509 1748 καρπάσου,
538 1657 623 1729 ῶστε
650 1659 756 1748 μηδὲν
785 1665 833 1728 ἔτι
861 1664 977 1747 δεῆσαι
1004 1665 1044 1750 τῇ
1068 1669 1161 1731 πόλει

147 1766 227 1852 μήτε
249 1765 425 1854 ἁγνισμῶν
448 1765 530 1855 μήτε
552 1768 634 1835 νέου
656 1765 769 1854 πυρός.

235 1874 401 1943 LXVIHI.
423 1870 497 1942 ’Ίάτι
522 1873 560 1942 δέ
577 1872 703 1942 τούτου
720 1872 1001 1961 θαυμασιῶτερόν
1020 1876 1090 1942 ἐστι
1106 1875 1162 1942 καὶ
1178 1898 1204 1939 15

148 1978 249 2072 μύθῳ
278 1983 407 2068 μᾶλλον
435 1977 543 2060 ἐοικὸς
575 1976 594 2048 δ
622 1981 731 2068 μέλλω
763 1981 884 2067 λέγειν.
937 1985 1166 2070 κατηγορῆσαί

147 2085 223 2154 τινά
252 2105 357 2174 φασιν
385 2085 511 2168 ἀδίκως
542 2079 620 2175 μιάς
650 2091 719 2157 τῶν
750 2089 933 2175 παρθένων
961 2091 1030 2158 τῶν
1061 2091 1162 2176 ίερῶν

151 2198 294 2274 Τυκκίας
326 2192 450 2282 ὄνομα,
482 2192 678 2282 ἀφανισμὸν
710 2193 772 2282 μὲν
803 2193 910 2284 πυρὸς
946 2191 1007 2264 οὐκ
1044 2201 1163 2282 έχοντα

148 2303 348 2389 προφέρειν,
371 2299 474 2382 ἄλλας
498 2304 539 2371 δέ
558 2327 652 2382 τινας
675 2303 708 2382 ἐξ
737 2301 876 2372 εἰκότων
898 2307 1085 2390 τεκμηρίων
1107 2302 1163 2370 καλ

150 2411 344 2495 μαρτυριῶν
376 2405 563 2490 ἀποδείξεις
595 2410 742 2496 φέροντα
775 2405 838 2476 οάιι
864 2406 1016 2496 ἀληθεῖς·
1052 2417 1164 2479 κελευ·
1177 2439 1205 2480 ιο

150 2523 295 2582 σθεῖσαν
328 2510 359 2581 δ’
390 2511 634 2601 ἀπολογεῖσθαι
670 2513 732 2601 τὴν
764 2516 939 2602 παρθένον
972 2520 1071 2586 τοῦτο
1105 2518 1164 2607 μά-

150 2646 213 2688 νου
246 2624 367 2705 είπεῖν,
400 2617 451 2690 ὅτι
482 2635 554 2702 τοῖς
587 2626 698 2710 ἔργοις
729 2619 932 2690 ἀπολύσεται
960 2621 1019 2704 τὰς
1050 2628 1164 2711 διαβο-

150 2726 222 2806 λάς·
258 2729 363 2796 ταῦτα
400 2725 431 2794 δ’
468 2731 633 2796 εἰποῦσαν
663 2729 720 2796 καὶ
750 2727 814 2815 τὴν
849 2727 935 2799 θεὸν
973 2733 1200 2807 ἐπικαλῶν-2

151 2835 258 2920 μένην
285 2830 434 2920 ἡγεμόνα
459 2837 518 2920 τῆς
546 2831 631 2903 ὁδοῦ
658 2835 818 2921 γενέσθαι
843 2836 1004 2923 προάγειν
1028 2837 1081 2904 ἐπὶ
1104 2835 1164 2904 τδν

154 2941 293 3028 Τέβεριν
330 2939 581 3042 έπιτρεψάντων
618 2941 679 3028 μὲν
715 2939 800 3031 αὐτῇ
836 2947 905 3012 τῶν
943 2946 1164 3030 ἱεροφαντῶν,
1179 2962 1205 3002 2⁵

223 3141 239 3189 2
259 3130 438 3190 έπιτετέλεκα
457 3135 600 3207 Kiessling
619 3135 750 3191 τετέλεκα
770 3137 792 3192 Ο
810 3139 814 3206 Ι
831 3131 915 3208 ὀλίγῳ
936 3135 958 3191 Ο
984 3152 1053 3192 corr.
1073 3135 1165 3191 Κίοιο-

151 3205 213 3294 ling
273 3212 292 3292 μ
309 3207 508 3275 τριακονετοδς
522 3208 570 3292 Ay
633 3213 650 3262 4
669 3203 815 3289 βοήθησον
826 3207 887 3263 ..Β
909 3201 1056 3292 βοήίῖησόν
1074 3225 1103 3262 τε
1118 3207 1166 3261 Aa

152 3277 358 3403 Ξοάἀοηδδάείά
370 3277 435 3403 BAbb
472 3279 504 3404 βλ
524 3298 588 3405 ἀωά
607 3298 653 3404 ἀάσ
668 3279 852 3423 οδνξὶέεάθά
871 3283 993 3403 νιάαιτῗ
1016 3277 1039 3330 Β
1063 3277 1166 3405 32ss

152 3417 323 3493 πασ<ή>νης
341 3419 365 3473 Β
440 3426 473 3475 10
491 3371 567 3491 μετάί
581 3370 633 3490 άάγν
652 3348 675 3474 ἀ
693 3416 763 3489 μετὰ
782 3367 887 3504 δλῖντάγν
905 3420 931 3474 R
946 3423 950 3490 1
967 3421 1015 3475 καλ
1033 3419 1056 3474 Β
1072 3370 1167 3477 οωρΒ

154 3497 187 3546 18
206 3493 322 3561 τνγκίας
341 3491 364 3546 Ο
384 3507 452 3547 corr.
472 3491 615 3562 Kiessling
687 3497 720 3546 21
739 3493 877 3549 τοοουτοδ
907 3574 915 3586 .
