2698 3982
442 335 445 341 Ι
567 235 733 288 -Δ-
1117 235 1161 301 63

142 392 181 464 τό
220 393 394 481 σπήλαιον.
443 391 586 482 ίιγνίσας
621 392 659 462 δὲ
695 397 741 486 τῷ
778 396 914 486 ποταμῷ
951 392 1011 464 τὸν
1048 393 1160 482 φόνον

98 565 109 585 ,
145 499 295 589 ἱδρύεται
326 504 471 588 πλησίον
502 503 565 570 τοῦ
592 499 699 570 τόπου
723 498 809 580 Διὸς
831 498 1000 590 Εὑρεσίου
1030 500 1159 589 βωμόν,

145 605 182 688 ὅς
214 610 284 676 ἐστι
315 611 374 695 τῆς
401 605 528 695 Ῥώμης
561 605 651 696 παρὰ
687 611 729 696 τῇ
765 605 922 700 Τριδύμφ
958 607 1067 696 πύλη,
1103 605 1160 674 καὶ

144 714 223 784 θύει
252 718 299 807 τῷ
327 718 399 807 θεῷ
431 713 577 802 δάμαλιν
607 716 667 782 ἕνα
695 718 754 802 τῆς
783 711 944 802 εὑρέσεως
971 717 1039 782 τεόν
1066 716 1159 800 βοῶν

145 820 372 910 χαριστήριον.
416 820 542 907 ταύτην
571 825 618 890 ἔτι
646 822 702 890 καὶ
730 825 778 901 είς
804 821 860 908 ἐμὲ
887 821 949 910 τὴν
980 826 1108 892 θυσίαν
1136 817 1188 906 ησ

140 925 313 1015 Ῥωμαίων
328 927 424 1008 πόλις
445 929 625 1014 συνετέλει,
647 933 804 1016 νομίμοις
812 926 1020 1016 Ἑλληνικοῖς
1034 925 1160 996 ἅπασιν

90 1037 186 1104 101έν
212 1032 296 1123 αὐτῇ
320 1037 485 1124 χρωμένη,
507 1034 660 1123 καθάπερ
685 1037 811 1115 ἐκεῖνος
833 1034 1064 1123 κατεστήσατο.

234 1143 367 1210 XXXX.
405 1145 449 1210 OC
471 1140 508 1209 δὲ
529 1139 735 1230 Ἀβοριγῖνες
761 1141 817 1210 καί
844 1145 912 1210 τῶν
932 1139 1104 1229 Ἀρκάδοιυ
1128 1142 1164 1206 οί

145 1245 182 1317 ιδ
210 1246 427 1318 Παλλάντιον
454 1251 704 1332 κατοικοῦντες,
733 1244 778 1328 ὡς
803 1250 865 1317 τοῦ
891 1273 926 1316 τε
954 1246 1072 1316 Κάκου
1099 1244 1161 1314 τόν

146 1353 297 1422 θάνατον
331 1359 483 1441 ἔγνωσαν
514 1355 570 1422 καὶ
600 1352 661 1424 τὸυ
686 1351 850 1442 Ἠρακλέα
881 1351 991 1440 εἶδον,
1022 1357 1068 1447 τῷ
1097 1352 1159 1442 μέν
1175 1369 1201 1410 1⁰

146 1459 372 1550 ἀπεχθόμενοι
400 1459 457 1529 διὰ
484 1459 542 1542 τάς
569 1459 734 1550 ἁρπαγάς,
762 1465 823 1530 τού
852 1459 889 1530 δὲ
912 1459 973 1550 την
1004 1459 1086 1542 όυιν
1110 1461 1160 1528 έκ-

146 1567 373 1656 παγλούμενοι
401 1567 500 1636 θεῖόν
526 1595 558 1638 τι
585 1571 695 1657 χρῆμα
722 1566 884 1655 ἐνόμισαν
909 1565 994 1654 δρᾶν
1021 1568 1161 1636 καὶτοῦ

128 1677 271 1762 ’λησιού
298 1675 381 1761 μέγα
409 1672 577 1762 εὐτύχημα
604 1672 666 1762 τὴν
693 1671 865 1761 ἀποβολὴν
894 1675 1082 1744 ἐποιοῦντο.
1128 1673 1163 1740 οί

147 1780 184 1850 δὲ
215 1783 354 1866 πένητες
384 1778 496 1850 αὐτῶν
528 1780 674 1862 κλάδους
710 1779 914 1868 δρεψάμενοι
952 1780 1101 1868 δάφνης,
1138 1775 1159 1864 ἣ

146 1886 253 1975 πολλὴ
275 1887 352 1974 περὶ
374 1885 435 1956 τὸν
456 1887 562 1956 τόπον
587 1885 725 1974 ἐφύετο,
749 1885 880 1955 ἐκεῖνόν
902 1913 937 1955 τε
959 1888 1014 1954 καλ
1038 1883 1160 1966 αὑτούς
1174 1899 1200 1942 1⁶

101 2055 108 2058 .
146 1991 348 2082 ἀνέστεφον,
371 1985 456 2081 ἧκον
481 1993 518 2062 δὲ
542 1997 577 2062 οί
597 1999 746 2080 βασιλεῖς
772 1991 884 2062 αὐτῶν
908 1992 960 2062 ἐπὶ
984 1995 1077 2074 ξένια
1098 1989 1160 2060 τὸυ

141 2099 305 2190 Ἡρακλέα
328 2104 516 2180 καλοῦντες.
545 2097 590 2181 ὡς
613 2099 650 2168 δὲ
673 2101 729 2168 καὶ
751 2098 901 2187 τούνομα
923 2099 979 2168 καί
1001 2097 1039 2168 τὸ
1062 2100 1161 2185 γένος

146 2207 251 2278 αύτού
273 2209 330 2278 καὶ
352 2205 411 2288 τὰς
432 2207 567 2296 πράξεις
590 2207 773 2289 διεξιόντος
796 2211 937 2294 ἔμαθον,
961 2207 1160 2292 ἐνεχείριζον

147 2314 236 2408 αύτῷ
259 2315 322 2402 τήν
344 2342 380 2385 τε
402 2315 516 2404 χώραν
539 2315 594 2384 καί
619 2319 707 2402 σφᾶς
729 2311 852 2394 αὐτοὺς
874 2314 927 2382 ἐπὶ
950 2317 1056 2402 φιλίᾳ.
1092 2308 1159 2378 Εὕ-
1178 2308 1200 2374 2

146 2427 272 2512 ανδρος
299 2421 337 2490 δὲ
359 2425 559 2510 παλαίτερον
584 2426 631 2490 ἔτι
653 2426 711 2508 τῆς
734 2422 878 2508 Θέμιδος
903 2417 1053 2506 ἀκηκοὼς
1076 2419 1160 2499 διεξ-
1175 2432 1202 2474 ²0

147 2527 279 2616 ιούσης,
309 2526 362 2597 ὅτι
384 2530 604 2618 πεπραμένον
628 2537 679 2615 εἴη
702 2527 762 2597 τὸν
784 2529 820 2595 ἐκ
840 2525 926 2607 Διὸς
947 2527 1003 2595 καί
1023 2524 1160 2612 Ἀλκμή-

146 2663 207 2723 νης
243 2635 430 2723 γενόμενον
462 2632 626 2722 Ἡρακλέα
667 2638 889 2722 διαμείψαντα
924 2632 986 2722 τὴν
1026 2629 1160 2719 θνητὴν

147 2741 252 2830 φύσιν
276 2741 452 2810 ἀθάνατον
475 2743 636 2828 γενέσθαι
661 2739 705 2808 δι’
730 2739 863 2828 ἀρετήν,
886 2737 1000 2827 ἐπειδὴ
1023 2737 1161 2826 τάχιστα

92 2847 244 2930 1οαόστις
280 2839 324 2936 ἦν
352 2847 507 2934 ἐπύθετο,
535 2847 667 2935 φθάσαι
693 2847 902 2935 βουλόμενος
923 2844 1073 2926 ἅπαντας
1101 2843 1160 2912 άυ-

145 2955 309 3046 θράπους
334 2953 498 3044 Ἡρακλέα
529 2959 622 3024 θεῶν
653 2969 764 3043 τιμαῖς
790 2957 920 3043 πρῶτος
950 2951 1160 3039 ἱλασάμενος,
1175 2962 1201 3004 ²⁵

146 3061 264 3151 βωμὸν
292 3059 512 3149 αὐτοσχέδιον
535 3059 601 3130 ὑπὸ
630 3063 780 3148 σπουδῆς
803 3059 953 3150 ἱδρύεται
975 3059 1031 3126 καὶ
1055 3055 1160 3144 δάμα-

148 3177 203 3238 λιυ
227 3167 332 3256 άζυγα
353 3166 432 3237 θύει
454 3165 538 3259 πρὸς
560 3166 665 3260 αύτῷ,
688 3165 725 3236 τὸ
748 3167 923 3254 θέσφατον
946 3161 1161 3251 ἀφηγησάμε-

147 3303 208 3356 νος
234 3273 397 3364 Ἡρακλεῐ,
425 3276 481 3344 καὶ
514 3275 649 3362 δεηθεὶς
680 3277 747 3343 τόν
785 3275 886 3359 ίερεόυ
922 3269 1162 3359 κατάρξασθαι.

221 3443 253 3491 15
283 3431 388 3498 αύτούς
415 3436 468 3490 ΑΒ
550 3442 584 3490 16
612 3430 660 3490 ἐπὶ
686 3433 767 3500 ξένια
796 3433 917 3503 Sylburg
954 3425 1002 3488 ἐπὶ
1029 3432 1108 3498 ξενία
1138 3429 1180 3507 0,

148 3515 181 3568 21
202 3502 247 3563 ὅτι
265 3525 295 3562 τε
314 3505 500 3577 πεπραμένον
518 3507 571 3560 ΑΒ
