2660 3986
177 212 243 277 362
600 245 634 254 -
676 217 770 268 ε-

177 371 291 453 αὐτοϊς
313 371 477 461 ὀνόματα,
505 377 551 466 τῷ
580 371 837 462 μδνἎρροντα,
860 377 905 466 τῷ
935 373 973 442 δὲ
1001 373 1191 462 Λοκόμωνα

175 481 231 548 καὶ
254 479 437 560 παιδεύσας
458 477 671 568 ἀμφοτέρους
687 477 886 566 Ἑλληνικήν
914 505 949 549 τε
977 481 1034 548 καί
1060 489 1190 569 Τυρρη-

176 585 275 673 νικὴν
298 590 470 672 παιδείαν,
494 591 542 666 είς
563 583 692 675 ἄνδρας
715 588 877 656 ἐλθοῦσιν
895 585 1009 668 αὐτοῖς
1027 601 1190 674 γυναῖκας

176 694 212 762 ἐκ
234 696 302 762 τόν
324 693 597 782 ἐπιφανεστάτων
624 701 727 762 ολκων
749 693 922 780 λαμβάνει.

149 825 163 867 ι
266 801 463 869 XXXXVII.
483 801 552 868 Καὶ
565 798 635 888 μετ’
653 797 694 868 οὐ
707 798 815 869 πολὺν
828 800 957 888 χρόνον
976 799 993 869 ὁ
1011 801 1073 888 μὲν
1090 821 1189 888 πρεσ-

175 904 315 995 βύτερος
344 904 448 976 αὐτοῦ
476 911 546 976 τῶν
572 911 704 976 παίδων
736 907 835 993 γένος
867 905 970 976 οὐδὲν
996 908 1188 978 καταλιπων

177 1013 323 1101 ἐμφανὲς
349 1011 568 1100 ἀποθνήσκει.
617 1013 673 1080 καὶ
701 1011 770 1099 μετ’
796 1011 911 1100 ὀληιας
939 1012 1065 1103 ἡμέρας
1088 1013 1190 1095 αὐτὸς

143 1109 144 1112 “
176 1117 195 1188 ὁ
220 1120 422 1209 Δημάρατος
445 1118 511 1188 ὑπὸ
535 1118 642 1206 λύπης
662 1123 800 1210 τελευτᾷ
821 1121 1034 1209 κληρονόμον
1057 1119 1190 1208 ἁπάσης

175 1231 234 1314 τῆς
265 1225 384 1307 οὐσίας
413 1225 475 1295 τὸν
506 1225 784 1314 περιλειπόμενον
817 1230 885 1294 τῶν
916 1231 1049 1296 παίδων
1082 1229 1190 1298 Λοκό·

136 1358 162 1399 ιο
176 1359 273 1420 μωνα
295 1334 499 1402 καταλιπων·
534 1329 572 1414 ὃς
594 1331 798 1421 παραλαβὼν
820 1332 881 1402 τὸν
903 1332 1065 1422 πατρικὸν
1087 1340 1189 1404 πλοῦ-

175 1467 235 1509 τον
258 1439 363 1527 μέγαν
390 1437 473 1509 ὄντα
499 1440 741 1510 πολιτεύεσθαί
765 1467 801 1511 τε
824 1443 881 1510 καὶ
902 1439 943 1510 τὰ
965 1439 1064 1510 κοινὰ
1086 1441 1188 1528 πράτ-

174 1573 245 1615 τειν
268 1547 324 1614 καὶ
347 1549 385 1615 έν
406 1559 477 1627 τοῖς
498 1546 642 1636 πράτοις
668 1551 738 1617 τῶν
760 1546 874 1616 άστάν
897 1547 984 1616 εἶναι
1006 1548 1187 1638 προῄρητο.

135 1651 449 1742 2άπελαυνόμενος
481 1653 519 1722 δὲ
549 1655 764 1741 πανταχόθεν
800 1653 865 1724 ὑπὸ
893 1659 962 1724 τῶν
993 1658 1242 1742 έπιχωρίων540

174 1761 230 1828 καὶ
259 1758 319 1847 οὐχ
352 1757 442 1840 ὅπως
474 1762 511 1829 ἐν
543 1773 614 1840 τοίς
644 1760 789 1848 πράτοις
816 1759 1083 1850 ἀριθμούμενος,
1111 1758 1185 1829 ἀλλ’

136 1891 161 1932 ιε
176 1863 251 1936 οὐδ’
287 1868 324 1934 ἐν
360 1881 431 1946 τοῖς
467 1868 596 1954 μέσοις,
631 1863 779 1954 άνιαρῶς
815 1873 913 1957 έφερε
944 1866 1006 1956 τὴν
1043 1867 1189 1956 άτιμίαν.

175 1969 311 2041 άκοόων
339 1971 377 2041 δὲ
404 1974 480 2060 περὶ
511 1977 570 2061 τῆς
595 1970 770 2061 Ῥωμαίων
801 1973 946 2060 πόλεως,
979 1973 1032 2042 ότι
1062 1975 1190 2056 πάντας

174 2076 328 2166 ἀσμένως
345 2075 580 2167 ὑποδεχομένη
599 2077 678 2160 τοὺς
697 2081 812 2162 ξένους
828 2079 954 2165 ,άστοδς
970 2095 1113 2150 ποιεῖται
1131 2082 1189 2150 καὶ

174 2188 253 2276 τιμᾷ
274 2183 357 2253 κατὰ
379 2184 442 2274 τὴν
464 2183 562 2267 άξίαν
582 2189 733 2273 ἕκαστον,
758 2190 827 2256 ἐκεί
843 2193 1106 2275 μετενέγκασθαι
1123 2186 1188 2275 τὴν

176 2299 309 2379 οίκησιν
337 2297 423 2378 ἔγνω
451 2294 492 2361 τά
518 2319 553 2361 τε
579 2292 732 2381 χρήματα
758 2293 867 2362 πάντα
897 2293 1189 2382 συσκευασάμενος

135 2422 162 2463 κο
175 2399 231 2466 καὶ
257 2397 319 2486 τὴν
346 2412 489 2484 γυναῖκα
517 2400 721 2488 ἐπαγόμενος
753 2401 810 2470 καὶ
838 2406 907 2469 τῶν
935 2400 1048 2472 άλλων
1077 2406 1190 2489 φίλων

174 2505 229 2572 καὶ
259 2508 392 2574 οἰκείων
419 2505 499 2586 τοὺς
525 2508 768 2594 βουλομένους·
801 2509 957 2594 ἐγένοντο
987 2508 1025 2578 δὲ
1053 2512 1089 2585 ολ
1108 2528 1189 2576 συν-

136 2615 331 2696 3απαίρειν
357 2607 447 2703 αὐτῷ
480 2615 759 2700 προθυμηθέντες
792 2619 920 2700 συχνοί.
970 2641 1016 2694 ως
1044 2614 1081 2684 δὲ
1103 2613 1189 2684 κατὰ

174 2715 212 2786 τὸ
239 2678 451 2803 καλούμενόν
476 2716 662 2788 Ἰανίκολον
689 2713 793 2807 ἦσαν,
825 2718 955 2789 ὄθετ’
937 2747 965 2808 η
981 2718 1089 2809 Ῥώμη
1117 2735 1189 2802 τοις

174 2823 239 2894 άπὸ
272 2831 461 2956 Τυρρηνίας
489 2827 681 2914 ἐρχομένοις
712 2851 846 2914 πρωτον
874 2824 1058 2914 άφορᾶται,
1088 2853 1189 2897 κατα-

136 2955 161 2997 25
176 2932 258 3014 πτάς
285 2930 381 3012 άετὸς
409 2930 507 3018 άφνω
534 2931 650 3000 καὶ
616 2959 677 3001 τον
704 2941 804 3001 πῖλον
832 2930 938 3002 αὐτοῦ
965 2933 1025 3003 τὸν
1052 2934 1106 3002 ἐπὶ
1128 2939 1189 3021 τῆς

174 3043 321 3128 κεφαλῆς
346 3043 502 3126 κείμενον
529 3036 695 3126 ἁρπάσας,
724 3037 848 3127 άνέπτη
875 3039 1021 3109 πάλιν’
1008 3039 1079 3113 άνω
1102 3040 1188 3110 κατά

247 3194 435 3287 ΙάρρόνταΑ
453 3193 629 3268 άρροῦνταΒ
683 3195 933 3285 9περιλιπόμενον
947 3203 972 3255 Α
1026 3205 1058 3254 18
1074 3196 1188 3256 έκεισεθ

174 3278 208 3327 22
228 3267 280 3326 σὺν
285 3265 373 3358 αότῳ
359 3265 521 3358 άπαίρειν
536 3270 560 3325 0
573 3270 718 3357 praeterB
734 3272 738 3338 λ
754 3291 828 3325 κατα
817 3266 865 3324 Β
879 3289 933 3326 om.
944 3273 969 3326 A
1023 3277 1057 3326 26
1076 3265 1188 3340 άνέπτη

174 3337 297 3397 πάλιν”
278 3361 338 3396 ανω
353 3335 414 3396 B
394 3359 455 3395 ανω
473 3336 596 3395 πάλιν’
579 3361 606 3396 α.
621 3343 647 3396 R
664 3341 783 3396 fortasse
802 3343 851 3396 καλ
870 3359 934 3398 cum
953 3341 1135 3429 Schnelliop.
1151 3349 1186 3397 29

141 3457 143 3460 .
174 3416 239 3468 ante
258 3433 332 3467 κατα
350 3412 509 3468 addendum
529 3413 558 3467 et
576 3415 651 3468 totus
669 3413 747 3468 loeus
770 3414 810 3468 sie
829 3414 992 3469 scribendus
1012 3415 1066 3468 est·
1092 3409 1187 3499 ἅρπά

174 3501 225 3546 σας
243 3484 292 3537 καί
310 3479 383 3538 κατά
402 3479 504 3552 τὴν-
518 3480 676 3554 φερόμενος
700 3479 843 3554 ἐπιτίθησι
864 3505 903 3560 τω
926 3482 1124 3554 Λοκόμωνι-
1138 3506 1188 3555 ηρ·
