2698 3982
199 229 241 294 16
626 232 789 283 -Α-

131 452 133 456 ,
199 389 257 459 διά
283 385 322 456 τὸ
351 389 511 475 γενέσεως
542 401 612 467 τοϊς
639 386 709 474 μετ’
736 385 860 468 αὐτοὺς
886 385 1000 474 άρξαι,
1030 385 1141 476 ὥσπερ
1168 383 1213 456 άν

158 495 295 585 2ἡμείς
318 504 467 582 εἴποιμεν
494 493 676 583 γενεάρχας
702 490 724 581 ἢ
752 495 995 580 πρωτογόνους.
1041 495 1148 582 ἕτεροι
1176 495 1213 562 δὲ

199 605 356 691 λέγουσιν
389 600 565 682 ἀνεστίους
597 599 692 680 τινάς
722 601 779 669 καὶ
810 603 978 688 πλάνητας
1011 603 1047 670 ἐκ
1078 606 1212 670 πολλῶν
1324 623 1331 630 ·

200 709 430 789 συνελθόντας
457 715 589 796 χωρίων
616 707 699 776 κατὰ
727 712 873 794 δαίμονα
900 722 1089 796 περιτυχεῖν
1117 706 1213 795 άλλή-

171 826 270 897 ιλοις
298 814 420 884 αὐτόθι
446 817 503 884 καὶ
529 814 591 903 τὴν
619 824 751 902 οἴκησιν
779 817 832 884 ἐπὶ
859 828 929 894 τοῖς
952 815 1094 903 ἐρύμασι
1115 841 1213 883 κατα-

199 923 404 1011 στήσασθαι,
432 928 491 1010 ζῆν
520 923 558 990 δὲ
584 919 651 990 άπὸ
680 927 832 1010 λῃστείας
853 922 908 989 καὶ
930 926 1044 1010 νομῆς.
1089 929 1212 1010 παραλ-

199 1029 358 1100 λάττουσι
387 1028 425 1096 δὲ
455 1029 512 1096 καὶ
543 1027 605 1115 τὴν
634 1027 823 1116 ὀνομασίαν
850 1025 964 1098 αὐτῶν
991 1029 1045 1097 ἐπὶ
1075 1026 1113 1096 τὸ
1141 1041 1213 1109 ταῖς
1321 1109 1323 1114 Ι

198 1137 315 1224 τύχαις
342 1134 560 1223 οἰκειότερον,
586 1132 815 1224 ’Λβερριγίνας
847 1137 1013 1221 λέγοντες,
1041 1133 1125 1204 ὥστε
1155 1140 1213 1222 δη-

199 1251 346 1312 λοῦσθαι
374 1239 498 1322 αύτοῦς
524 1241 700 1329 πλάνητας.
745 1241 936 1311 κινδυνεύει
966 1243 1009 1330 δὴ
1031 1241 1114 1310 κατὰ
1136 1241 1212 1310 τού-

160 1385 186 1426 10
199 1375 280 1429 τους
315 1349 422 1435 μηδὲν
458 1349 632 1437 διαφέρειν
668 1349 706 1417 τὸ
743 1352 812 1417 τῶν
845 1345 1064 1436 Ἀβοριγίνων
1101 1353 1212 1434 φῦλον

199 1449 250 1526 οἷν
273 1454 417 1524 ἐκάλουν
448 1459 484 1523 οί
503 1456 639 1524 παλαιοὶ
662 1456 832 1542 Λελέγων·
863 1469 933 1536 τοῖς
954 1453 1019 1543 γάρ
1047 1453 1213 1536 ἀνεστίοις

198 1564 255 1632 καὶ
286 1561 404 1650 μιγάσι
435 1563 491 1630 καὶ
524 1565 689 1649 μηδεμίαν
721 1565 786 1649 γῆν
819 1567 961 1649 βεβαίως
993 1560 1038 1642 ὡς
1070 1566 1213 1648 πατρίδα

198 1659 392 1739 κατοικοῦσι
420 1667 547 1755 ταύτην
575 1671 767 1737 ἐπετίθεντο
794 1666 856 1755 τὴν
887 1665 1073 1754 ὀνομασίαν
1101 1666 1146 1747 ὡς
1172 1667 1212 1736 τά

159 1785 180 1850 3
200 1777 316 1846 πολλά.
359 1773 456 1843 ἄλλοι
479 1775 517 1843 δὲ
540 1774 680 1862 Λιγύων
698 1772 860 1855 ἀποίκους
877 1777 1131 1862 μυθολογοῦσιν
1155 1772 1212 1843 αῦ-

160 1916 186 1958 15
200 1881 279 1962 τοὺς
309 1883 470 1970 γενέσθαι
500 1886 569 1951 τῶν
603 1879 823 1969 ὁμορούντων
848 1881 1045 1969 Ὀμβρικοῖς·
1083 1885 1118 1950 οί
1147 1881 1211 1970 γάρ

199 1996 323 2076 Λίγυες
346 1992 477 2058 οἰκοῦσι
500 1989 562 2076 μὲν
588 1989 644 2056 καὶ
666 1992 727 2074 τῆς
746 1986 886 2068 Ἰταλίας
908 1993 1073 2077 πολλαχῇ,
1096 1990 1211 2075 νέμον-

198 2123 253 2167 ται
277 2098 318 2165 δέ
337 2121 413 2164 τινα
431 2095 564 2181 καὶτῆς
583 2097 754 2180 Κελτικῆς.
797 2091 938 2181 ὁποτέρα
958 2091 989 2161 δ’
1011 2094 1125 2175 αύτοίς
1143 2097 1211 2163 ἐστι
1230 2113 1265 2164 29

199 2208 241 2290 γῆ
269 2207 401 2287 πατρίς,
431 2195 573 2286 άδηλοῦ·
610 2198 652 2268 ού
679 2198 744 2289 γὰρ
773 2205 820 2268 ἔτι
847 2202 975 2287 λέγεται
1002 2202 1077 2288 περὶ
1100 2199 1212 2271 αὐτῶν

199 2310 399 2396 προσωτέρω
424 2307 528 2392 σαφὲς
551 2303 661 2376 οὐδέν.
1334 2351 1335 2388 χ

159 2448 187 2488 20
290 2415 346 2482 XI.
389 2417 433 2480 Οί
463 2412 501 2511 δὲ
533 2414 730 2499 λογιωτατοι
757 2418 826 2482 τῶν
844 2412 1037 2502 Ῥωμαϊκῶν
1070 2435 1212 2503 συγγρα-

199 2523 308 2610 φίων,
336 2522 373 2588 ἐν
402 2514 452 2600 οἷς
479 2521 548 2588 ἐστι
575 2519 724 2605 Πόρκιός
750 2547 786 2588 τε
814 2520 937 2589 Κάτων
965 2519 983 2590 ὁ
1012 2519 1071 2600 τὰς
1099 2547 1212 2607 γενεα·
1333 2567 1334 2570 =

199 2633 314 2714 λογίας
331 2629 400 2695 τάν
419 2627 457 2694 ἐν
468 2623 595 2716 Ἰταλίᾳ.
607 2625 739 2710 πόλεων
759 2628 992 2714 ἐπιμελέστατα
1011 2626 1211 2714 συναγαγὼν

198 2734 255 2802 καὶ
288 2733 391 2812 Γάϊος
422 2733 642 2823 Σεμπρώνιος
672 2734 728 2801 καὶ
761 2731 859 2802 άλλοι
891 2739 1025 2822 συχνοί,
1047 2731 1212 2821 Ἕλληνας

199 2836 323 2919 αὐτοὺς
353 2836 441 2907 εἶναι
473 2841 610 2926 λέγουσι
640 2842 710 2908 τῶν
740 2843 776 2909 ἐν
801 2839 914 2930 ’Λχαΐμ
945 2841 1024 2908 ποτὲ
1056 2840 1212 2928 ολκησάν-
1313 2845 1333 2918 ᾖ

158 2975 185 3018 ει
199 2971 282 3030 των,
318 2953 456 3026 πολλαῖς
491 2959 622 3032 γενεαῖς
663 2945 829 3036 πρότερον
870 2951 932 3015 τοῦ
966 2947 1114 3034 πολέμου
1150 2951 1211 3016 τοῦ

203 3055 356 3141 Τρωικοῦ
387 3051 663 3138 μεταναστάντας.
716 3049 827 3121 οῦκίτι
859 3054 972 3140 μέντοι
1006 3057 1211 3142 διορίζουσιν

270 3289 286 3337 2
301 3289 488 3352 πρωτογενεῐς
501 3283 658 3352 εαερίοολοτ
668 3284 989 3355 8γ1οοτς(μνίικορενιίλι“
1002 3285 1079 3354 Εοε.)
1116 3288 1210 3338 οπλα·
1322 3285 1323 3290 ’

198 3351 330 3424 νήταςΑ
403 3354 491 3409 λκαλ
514 3353 614 3409 om.B
687 3350 957 3430 8άβορριγῖναςΒ
1000 3350 1164 3428 άβοριγίνας
1186 3356 1212 3408 Α

236 3431 252 3480 9
272 3420 337 3488 τοῦς
359 3422 504 3496 πλανήτας
521 3426 566 3493 ΑΙ
582 3422 763 3482 κινδυνεύειν
781 3427 804 3480 Β
861 3434 892 3481 11
912 3425 1041 3496 Λελέγων
1060 3427 1133 3496 Dmg
1152 3426 1231 3481 Sto--

198 3497 308 3568 phanus
327 3490 363 3565 δὴ
382 3495 495 3566 azymo
570 3503 602 3553 18
622 3493 689 3553 οῦδὲ
709 3494 763 3568 γὰρ
781 3499 806 3551 A
1193 3547 1194 3551 ,
