2670 3984
559 246 724 300 ..Β-

130 405 383 490 ιιαταλεγέντων
418 408 466 484 είς
497 403 579 474 αὐτὸ
609 403 747 494 άνδρῶν
779 403 800 494 ἢ
834 405 879 475 δι’
910 406 1034 496 ἀρετήν
1070 407 1148 478 ταύ-

130 537 191 598 της
214 515 308 597 ἔτυχε
337 513 397 598 τής
424 509 625 599 ἐπικλήσεως
653 508 715 581 ούιι
744 517 807 600 ἔχω
834 511 872 584 τὸ
902 514 1006 602 σαφὲς
1033 519 1149 585 εἰπεῖν.

131 617 188 685 καλ
211 615 276 704 γάρ
299 615 378 698 τοὺς
399 619 648 708 πρεσβυτέρους
669 619 726 688 καὶ
750 617 829 700 τούς
851 618 1010 707 ἀρίστους
1030 623 1148 709 γέρον-

131 749 192 804 τας
214 723 383 792 εἰώθεσαν
407 725 442 792 οἱ
462 725 600 794 παλαιοὶ
613 733 738 794 καλελν.
776 729 812 794 οί
828 725 865 794 δὲ
879 729 1072 814 μετέχοντες
1086 731 1148 797 τοῦ

130 835 379 917 βουλευτηρίου
401 831 539 920 πατέρες
557 837 719 920 ἔγγραφοι
740 832 1069 922 προσηγορεύθησαν
1092 835 1148 903 καλ
1175 851 1188 894 ⁶

131 938 246 1024 μέχρις
292 939 374 1024 έμοῦ
419 936 541 1025 ταύτης
583 938 768 1026 ἐτύγχανον
808 942 868 1026 τῆς
912 947 1147 1028 προσηγορίας.

125 1039 326 1130 Ἑλληνικὸν
350 1043 388 1112 δὲ
411 1042 477 1133 άρα
494 1045 551 1114 καλ
569 1047 668 1114 τοῦτο
684 1042 766 1132 <τὸ>
782 1047 863 1125 ἕδος
880 1036 933 1133 ήν.
974 1061 1045 1128 τοῖς
1062 1051 1148 1134 γοῦν
1166 1049 1189 1115 4

130 1153 341 1236 βασιλεῦσιν,
365 1147 441 1219 ὅσοι
464 1177 498 1220 τε
526 1156 687 1237 πατρίους
712 1147 816 1240 άρχάς
842 1151 1069 1240 παραλάβοιεν
1091 1153 1148 1222 καλ
1173 1171 1177 1178 ’

130 1253 234 1338 ὅσους
260 1255 282 1344 ἡ
311 1255 445 1345 πληθύς
472 1255 556 1345 αύτή
588 1256 830 1345 καταστήσαιτο
857 1255 1040 1347 ἡγεμόνας,
1067 1266 1148 1348 βου-

130 1363 310 1453 λευτήριον
337 1355 381 1453 ἦν
410 1366 445 1434 έκ
471 1368 540 1433 τῶν
568 1369 770 1452 κρατίστων,
799 1361 844 1446 ὥς
862 1363 1007 1456 Ὅμηρός
1034 1393 1070 1436 τε
1092 1366 1148 1434 καὶ
1162 1395 1188 1436 ιο

131 1473 167 1540 ol
196 1469 414 1540 παλαιότατοι
445 1475 514 1540 τῶν
547 1475 696 1558 ποιητῶν
733 1477 956 1563 μαρτυροῦσι·
993 1475 1049 1544 καὶ
1086 1471 1148 1560 ούχ

72 1575 248 1667 memo
271 1579 309 1646 έν
332 1591 403 1659 τοῖς
420 1575 502 1646 καθ’
523 1575 611 1666 ήμάς
628 1577 764 1665 χρόνοις
782 1577 946 1660 αὐθάδεις
968 1582 1024 1649 καλ
1047 1606 1147 1668 μονο-

130 1684 305 1774 γνώμονες
327 1676 415 1772 ήσαν
438 1687 476 1752 αί
496 1687 565 1753 τάν
588 1681 738 1773 άρχαίων
757 1687 924 1772 βασιλέων
943 1690 1147 1756 δυναστεῖαι.

219 1793 310 1860 XIII.
342 1788 401 1871 Ὡς
429 1789 466 1860 δὲ
492 1790 757 1860 κατεσκευάσατο
785 1792 841 1860 καὶ
866 1789 904 1860 τὸ
927 1791 1147 1880 βουλευτικὸν

131 1901 200 1967 τῶν
223 1896 395 1988 γερόντων
409 1898 592 1984 συνέδριον
616 1899 652 1966 έκ
665 1901 734 1965 τῶν
751 1895 869 1966 ἑκατὸν
887 1895 1036 1986 άνδρύν,
1055 1895 1146 1986 ὁρῶν
1161 1927 1187 1969 ιε

130 2002 213 2092 ὅπερ
237 2003 326 2084 εἰκὸς
349 2002 401 2072 ὅτι
424 2004 479 2073 καὶ
502 2002 659 2091 νεότητος
682 2001 771 2096 αὐτῷ
791 2002 902 2092 δεήσει
920 2002 1013 2085 τινὸς
1031 2023 1147 2072 σνντε-

128 2102 365 2200 ταγμένης,’ή
399 2108 555 2198 χρήσεται
587 2114 739 2198 φυλακῆς
771 2113 867 2180 ἕνεκα
900 2115 962 2180 τοῦ
995 2109 1147 2199 σωματος

130 2219 187 2286 καὶ
209 2215 294 2306 πρὸς
316 2215 357 2286 τὰ
380 2221 618 2302 κατεπείγοντα
640 2221 709 2284 τάν
734 2221 841 2305 ἔργων
860 2215 1035 2308 ὑπηρεσίᾳ,
1056 2243 1146 2306 τρια-

127 2329 267 2403 κοσίους
298 2322 429 2413 ἄνδρας
458 2324 494 2390 έκ
526 2325 594 2392 τῶν
627 2323 899 2410 ἐπιφανεστάτων
933 2333 1036 2394 οίκων
1068 2321 1147 2403 τοὺς

132 2429 453 2521 ἐρρωμενεστάτους
484 2442 555 2510 τοις
600 2429 752 2517 στόμασιν
795 2431 1042 2520 ἐπιλεξάμενος,
1088 2427 1147 2511 οὓς
1161 2460 1187 2500 ιο

131 2535 309 2618 ἀπέδειξαν
332 2539 370 2606 αί
391 2539 537 2626 φρᾶτραι
559 2533 619 2604 τὸν
643 2533 749 2606 αὐτὸν
771 2535 913 2625 τρόπον,
942 2535 1045 2626 όνπερ
1068 2536 1147 2618 τοὺς

130 2642 319 2732 βουλευτάς
346 2644 464 2731 ἑκάστη
493 2641 625 2732 φράτρα
649 2644 729 2712 δέκα
756 2645 870 2729 νέους,
897 2643 1039 2724 τούτους
1067 2642 1147 2723 τοὺς

129 2749 260 2837 ἄνδρας
282 2747 334 2818 άελ
357 2751 433 2839 περὶ
456 2747 561 2819 αὑτὸν
584 2747 685 2837 εἶχεν·
718 2749 828 2846 ὄνομα
847 2751 886 2820 δὲ
903 2749 1022 2820 κοινὸν
1040 2749 1145 2820 άπαν-
1165 2756 1186 2820 2

129 2883 185 2938 τες
207 2849 301 2928 οὗτοι
326 2859 424 2945 ἔσχον
447 2858 606 2945 κελέριοι,
630 2855 675 2938 ὥς
696 2855 758 2944 μὲν
783 2860 819 2925 ολ
838 2863 973 2938 πλείους
995 2857 1146 2946 γράφου-

203 3025 220 3072 2
239 3014 363 3088 κλήσεως
381 3036 404 3076 ο.
425 3017 583 3088 Stephanus
599 3021 604 3089 Ι
620 3013 651 3072 τὸ
671 3013 797 3088 ἀσφαλὲς
811 3017 839 3072 A·
908 3024 923 3072 3
943 3013 1010 3080 τούς
1026 3019 1146 3088 πρεσβυ-

130 3085 235 3153 τάτους
263 3108 287 3146 ο.
310 3089 401 3146 Cobet
425 3089 490 3144 obs.
513 3108 541 3160 p.
561 3095 594 3144 42
621 3094 625 3158 Ι
651 3089 700 3144 καλ
722 3083 854 3158 ἀρίστους
877 3090 902 3142 A
983 3094 998 3142 7
1023 3084 1054 3142 τὸ
1081 3089 1144 3145 αδδ.

131 3159 276 3232 Kiessling
362 3167 396 3216 14
418 3155 626 3216 κατεσκεύαστο
650 3177 672 3215 ο.
697 3161 853 3215 Ambrosch
940 3166 973 3214 18
992 3154 1146 3226 ὑπηρεσίας

132 3247 156 3287 ο.
175 3232 314 3318 βδολιολει·
334 3298 341 3319 t
385 3239 420 3288 20
438 3231 489 3287 τοῦ
513 3227 641 3320 τάχιστος
659 3232 684 3286 A
755 3237 790 3319 λλ
810 3225 948 3300 ἑκάστης
973 3226 1098 3318 φράφραι
1121 3233 1146 3286 A

131 3297 250 3390 ἕκασχηι
282 3323 394 3391 φρατρφι
418 3303 474 3430 B)
504 3322 682 3390 τουτουςθτε
715 3301 825 3390 τονςῃΑ
910 3309 944 3386 ’λδ
973 3319 1062 3356 αυτον
1090 3303 1146 3355 AB

131 3379 169 3428 24
196 3393 322 3438 απαντες
349 3393 429 3430 ουτοι
472 3392 538 3444 σχον
564 3374 586 3430 Β
623 3393 748 3438 απαντες
775 3393 791 3428 ο
820 3371 869 3428 καλ
897 3393 950 3428 νυν
976 3371 1146 3442 κατέστησεν

133 3441 217 3514 ἔσχον
235 3446 261 3498 Α
249 3444 424 3572 Rgifikoobet
441 3441 507 3501 Var.
522 3445 599 3500 Lect.
618 3464 646 3516 p.
661 3452 712 3502 371
736 3439 863 3507 ἅπαντες
877 3437 941 3500 ὅσοι
959 3443 1146 3515 συγκατέστη-

133 3533 187 3570 σαν
206 3533 230 3572 ο.
302 3537 315 3574 ε
336 3536 351 3574 ο
