2660 3986
617 221 783 272 ..Γ-

195 384 299 459 ἕθνος
334 382 382 458 είς
418 375 478 464 τὴν
517 379 553 446 ἐν
589 381 779 466 Φερεντίνῳ
816 375 1042 457 συνελθόντες
1077 374 1209 466 άγοράν

192 488 402 573 ἐψηφίσαντο
421 482 484 571 τήν
507 509 542 553 τε
562 487 689 552 οἰκείαν
709 482 856 570 δύναμιν
880 485 913 565 ἐξ
932 479 1061 570 ἁπάσης
1078 483 1209 566 πόλεως

194 591 324 678 ἐξάγειν
346 592 403 660 καί
425 595 495 660 τῶν
512 588 754 679 πλησιοχώρων
779 592 892 658 ἐθνῶν
910 587 950 658 τά
968 588 1127 678 κράτιστα
1145 616 1209 660 πα-

193 706 362 788 ρακαλεῖν,
385 699 441 766 καὶ
465 695 742 786 διεπρεσβεύοντο
765 694 849 785 πρὸς
875 695 1071 785 Τυρρηνούς
1092 723 1127 766 τε
1149 699 1207 766 καὶ

155 774 365 902 ξΣαβίνους
392 803 587 892 αίτούμενοι
618 809 819 891 συμμαχίαν.
870 809 1015 890 Σαβῖνοι
1047 803 1109 891 μὲν
1142 796 1207 874 οὖν

190 911 375 1000 ὑπέσχοντο
399 909 528 998 αὐτοῖς,
552 910 687 979 ἐπειδάν
715 911 866 990 ἐκείνους
892 909 1135 998 ἐμβεβληκότας
1157 914 1206 990 είς

191 1016 253 1106 τὴν
272 1016 445 1107 Ῥωμαίων
468 1022 534 1105 γῆν
554 1015 756 1102 ἀκούσωσιν,
779 1014 1007 1104 ἀναλαβόντες
1024 1017 1079 1086 καὶ
1102 1015 1261 1086 αύτοὶῠδῑ

192 1124 233 1192 τά
270 1122 355 1193 ὅπλα
391 1123 454 1212 τὴν
490 1130 635 1211 πλησίου
676 1121 789 1192 αὐτῶν
824 1121 938 1212 χάραν
974 1122 1204 1210 λεηλατήσειν·

196 1232 366 1320 Τυρρηνοὶ
394 1230 432 1298 δὲ
460 1235 651 1319 συμμαχίαν
680 1228 875 1300 ἀποστελεῖν
906 1226 1142 1317 ὡμολόγησαν,
1164 1222 1206 1318 ἧς

153 1333 237 1406 ιοάν
261 1335 357 1406 αὐτοὶ
381 1340 564 1424 δεηθῶσιν,
588 1335 649 1426 οὐχ
671 1335 815 1417 ἅπαντες
833 1337 886 1406 ἐπὶ
908 1339 967 1424 τῆς
986 1333 1089 1423 αὐτῆς
1109 1336 1205 1422 γενό·

191 1470 289 1531 μενοι
311 1442 458 1531 γυῶμης,
481 1441 565 1512 ἀλλά
588 1446 686 1514 πέντε
704 1443 818 1523 πόλεις
840 1441 942 1531 μόναι
961 1449 1153 1512 Κλουσῖνοί
1169 1469 1206 1512 τε

190 1551 247 1618 καὶ
267 1547 456 1638 Ἀρρητῖνοι
483 1550 539 1618 καί
564 1547 835 1638 Οὐολατερρανοὶ
852 1547 1068 1618 Ῥουσιλανοί
1091 1550 1206 1618 τεκαὶ

191 1662 239 1726 ἐτι
262 1655 346 1746 πρὸς
368 1656 500 1736 τούτοις
524 1654 804 1726 Οὐετυλωνιᾶται.

280 1766 350 1832 LII.
378 1763 520 1844 Ταύταις
542 1765 745 1852 ἐπαρθέντες
762 1777 834 1843 ταῖς
857 1765 987 1832 ἐλπίσιν
1011 1765 1046 1831 οί
1062 1770 1206 1833 Λατῖνοι

150 1898 177 1938 15
191 1869 526 1959 παρασκευασάμενοι
556 1869 702 1958 δύναμιν
736 1875 863 1939 οίκείαν
896 1867 1023 1958 συχνὴν
1055 1871 1110 1938 καὶ
1141 1868 1206 1958 τὴν

189 1975 279 2062 παρά
306 1981 493 2065 Τυρρηνῶν
515 1975 765 2066 προσλαβόντες
795 1981 842 2057 είς
864 1974 926 2064 τὴν
944 1974 1118 2064 Ῥωμαίων
1139 1979 1206 2063 γῆν

190 2087 367 2171 ἐνέβαλον,
385 2085 441 2152 καὶ
458 2085 541 2152 κατὰ
558 2082 619 2154 τὸν
638 2081 742 2152 αὐτὸν
760 2082 887 2172 χρόνον
906 2085 942 2152 ἐκ
960 2086 1022 2152 τού
1040 2087 1206 2168 Σαβίνων

191 2196 316 2272 ἔθνους
347 2194 386 2259 αί
405 2195 467 2260 τοῦ
493 2192 643 2278 πολέμου
670 2189 894 2278 κοινωνήσειν
927 2187 1041 2270 αὐτοῖς
1062 2186 1206 2278 ὑποσχό-

190 2324 288 2385 μεναι
315 2297 430 2378 πόλεις
454 2297 517 2385 τὴν
547 2297 788 2386 προσόμουρον
806 2300 979 2386 κυροῦσαν
1002 2292 1119 2377 αύταῖς
1140 2296 1206 2384 χῶ-

148 2427 178 2470 εο
191 2431 256 2491 ραν
288 2403 421 2494 ἐδῄουν,
477 2401 495 2472 ὁ
529 2402 568 2472 δὲ
598 2409 667 2474 τῶν
700 2403 873 2492 Ῥωμαίων
910 2401 1067 2490 βασιλεὺς
1101 2427 1206 2493 παρα·

190 2509 438 2598 σκευασάμενος
459 2512 515 2579 καὶ
537 2509 640 2592 αὐτὸς
662 2513 700 2580 ἐν
726 2515 772 2603 τῷ
796 2510 917 2598 μεταξύ
939 2509 1052 2602 χρόνῳ
1074 2509 1205 2598 πολλὴν

188 2616 245 2684 καὶ
272 2615 409 2704 άγοιθὴυ
437 2615 585 2706 δύναμιν
613 2620 729 2705 ἐξῆγεν
757 2618 820 2688 ἐπὶ.
832 2615 912 2697 τοὺς
938 2622 1118 2704 πολεμίους
1141 2616 1259 2686 διά552

150 2725 328 2810 2ταχέων.
373 2727 539 2810 Σαβίνοις
565 2725 627 2812 μὲν
656 2716 720 2793 οὖν
747 2721 815 2812 ἅμα
842 2724 898 2792 καὶ
921 2728 1081 2804 Λατίνοις
1106 2732 1205 2794 πολε·

188 2845 265 2920 μεῖν
284 2832 340 2900 καὶ
359 2834 505 2918 διαιρεῖν
524 2837 572 2913 είς
591 2830 654 2900 δύο
674 2833 757 2921 μέρη
775 2829 838 2919 τὴν
853 2830 1000 2919 δύναμιν
1019 2828 1082 2900 ούκ
1099 2827 1205 2919 άσφα·

262 2999 276 3046 1
297 2991 496 3063 φερεντίυωΒ
523 2991 706 3062 φερεντίωΙδ
787 2997 803 3047 6
828 2987 1041 3065 είςβεβληκότοις
1066 3007 1088 3046 ο.
1114 2988 1206 3046 Cobet
1324 3029 1325 3064 η

188 3063 255 3118 Var.
275 3063 351 3120 Leot.
371 3081 398 3132 p.
418 3067 471 3118 280
543 3069 559 3118 7
578 3062 627 3118 καί
644 3047 777 3120 Roma
848 3070 865 3118 9
884 3059 1050 3118 άποστὲλειν
1069 3062 1115 3116 Ba
1132 3055 1204 3116 ἀπο·

188 3139 296 3190 στελεῖν
313 3135 360 3190 Bb
387 3128 569 3189 άποστὲλλειν
596 3134 622 3188 Β,
704 3139 737 3189 10
755 3127 789 3203 ἧς
816 3128 854 3189 ῶν
881 3129 964 3188 αύτοί
991 3128 1029 3204 μὴ
1057 3132 1203 3202 δεηθῶσιν

60 3237 71 3258 .
187 3205 300 3274 Βεὶελιε,
319 3197 354 3275 ἧς
371 3199 409 3260 διν
428 3201 465 3275 μὴ
485 3200 569 3262 αύτολ
586 3208 612 3260 δ.
628 3204 718 3260 Cobet
736 3204 799 3260 obs.
818 3222 850 3292 μ.
875 3199 998 3275 701ούχ
1021 3196 1146 3294 {names
1169 3199 1202 3259 δέ

188 3294 212 3332 ο.
234 3276 336 3332 Portus
409 3283 442 3331 11
461 3276 623 3332 καλουσινολ
643 3276 667 3332 Ο
740 3282 773 3330 12
793 3275 990 3346 ουαλετέρναι·
1010 3277 1079 3329 οιΑ
1097 3278 1203 3330 ουαλα·

188 3353 335 3418 τερρυῖναι
363 3345 391 3402 οὶ
418 3346 455 3417 Β,
488 3364 558 3404 corr.
585 3347 688 3403 Reiske
713 3348 718 3416 Ι
743 3345 905 3418 βουσιλιινολ
927 3346 951 3400 Β
984 3342 1156 3416 βουσαλανολ
1177 3348 1203 3400 A

190 3425 223 3474 13
247 3413 467 3474 ούετυλωνιάται
484 3420 537 3473 AB
623 3425 656 3473 15
679 3414 731 3487 τὴν
749 3419 772 3474 Β
796 3433 851 3474 om.
874 3418 900 3472 R
980 3424 1013 3473 1⁷
1037 3418 1154 3489 σαβίνου
1177 3418 1203 3471 A

189 3496 223 3545 19
242 3489 499 3561 *προσομοροῶσαν
517 3491 542 3542 A
560 3489 813 3560 π<ροσομορουοαν
831 3490 995 3564 κυρ>οὗσαν
1010 3488 1032 3542 Β
